3159 4792
308 295 563 369 Commune
588 294 875 369 confessoris
901 296 1143 369 pontificis.
1266 298 1344 392 [39]

120 460 187 506 non
216 439 339 506 avdnas
361 441 476 507 ‘ficiem
501 442 620 509 Christi
645 444 705 509 tui.
803 441 877 509 Haec
896 440 1023 525 rdquies
1042 442 1168 535 medin
1187 448 1345 511 saecuium

159 538 284 619 Jurivit
307 537 469 605 deinus
497 540 601 606 David
627 543 709 609 veri·
757 540 866 605 saecuii
891 557 898 603 :
919 538 934 570 *
952 541 1006 604 hic
1021 541 1174 606 habitdbo
1188 540 1345 623 qudniam

119 638 232 713 tdtem,
248 637 354 702 &non
367 636 651 705 irustnibituream
671 640 709 703 z*
758 636 841 723 eldgi
862 658 945 702 eam.

118 737 160 800 de
179 733 285 800 irudiu
305 735 427 801 ventris
446 737 493 803 tui
515 756 633 821 ponam
654 756 709 804 su·
804 733 944 801 Viduam
956 737 1026 820 ejus
1042 734 1236 803 benedicens
1249 739 1347 803 bene-

119 852 175 917 per
193 833 305 898 sedem
326 843 429 900 tuam.
756 832 863 899 dicam
886 852 894 899 ε
923 832 938 865 *
959 833 1115 917 pduperes
1133 836 1204 920 ejus
1223 836 1346 902 saturi-

163 930 195 996 Si
216 928 429 997 custodierint
454 930 518 997 nni
539 934 586 999 tui
612 944 707 1001 testa-
756 931 800 997 bo
819 931 971 1015 pinibus.

119 1028 269 1094 mdntunn
292 1049 414 1104 meum,
437 1028 707 1097 *utestimdnia
801 1027 986 1095 Sacerddtes
1009 1030 1080 1114 ejus
1105 1028 1238 1096 induam
1260 1033 1347 1097 salu-

120 1132 191 1191 mea
210 1128 289 1203 haec,
312 1145 386 1211 quae
404 1127 527 1194 docdbo
546 1148 603 1195 eos
625 1148 632 1194 :
755 1127 814 1194 tdri
839 1145 846 1191 :
868 1127 882 1160 *
904 1126 1051 1214 &sandi
1067 1130 1136 1213 ejus
1155 1128 1346 1195 exsultand-

164 1226 201 1291 Et
219 1223 281 1289 nni
301 1224 413 1291 edrurn
434 1244 539 1310 usque
559 1228 592 1292 in
607 1246 706 1293 saecu-
757 1244 797 1290 ne
817 1226 1040 1293 exsuitdbunt.

120 1324 203 1397 ium,
238 1321 253 1354 *
287 1321 447 1389 seddbunt
475 1342 571 1406 super
596 1325 706 1391 sedem
801 1324 880 1389 illuc
895 1322 1071 1408 proddcam
1087 1343 1187 1390 cornu
1204 1324 1346 1402 David*

118 1430 222 1487 tuam.
756 1423 864 1506 pardvi
886 1421 1050 1488 luodrnam
1070 1422 1199 1489 Christo
1220 1443 1306 1490 meo.

162 1516 328 1598 Qidniam
352 1518 450 1605 eidgit
477 1517 639 1587 deinus
658 1520 707 1586 Si·
801 1519 953 1587 inimicos
972 1522 1043 1606 ejus
1073 1519 1207 1586 induam
1233 1524 1346 1588 coniu-

119 1635 163 1681 on
185 1634 193 1681 ι
215 1616 229 1648 *
248 1615 347 1701 eldgit
369 1636 441 1681 eam
471 1617 504 1682 in
534 1616 707 1684 habitatid-
756 1616 849 1685 sidne
870 1636 878 1683 :
900 1618 914 1650 *
933 1638 1030 1703 super
1048 1619 1157 1702 ipsum
1177 1630 1286 1685 autem
1301 1623 1347 1685 ei-

117 1710 194 1779 ‘nem
215 1715 291 1780 sibi.
747 1712 879 1783 ndiibi't
899 1709 1114 1783 sandincd'tio
1134 1712 1218 1782 inea.

164 1878 269 1957 Capit.
292 1876 368 1941 Ecce
387 1875 546 1942 sace'rdos.
568 1878 721 1957 Hymnus.
739 1879 799 1943 Iste
817 1876 1000 1944 Conidssor.
1021 1879 1109 1943 utin
1127 1880 1152 1943 I.
1176 1838 1330 1959 Vesneiis.

207 2022 238 2097 i.
256 2020 384 2100 justum
405 2019 541 2086 deduxit
560 2017 722 2087 Ddtninus
740 2040 797 2105 per
816 2021 885 2087 vias
905 2018 1018 2087 restas.

208 2118 301 2203 Mt
320 2118 463 2184 ostendit
483 2118 531 2182 iili
553 2137 689 2203 regnum
710 2120 781 2184 Dei.

483 2280 537 2340 Ad
550 2281 756 2356 Magnificat,
772 2278 978 2358 Antiphona.

70 2381 1348 2773 ‚iffi

327 2708 458 2774 -πιέι-νίῐ
494 2729 526 2772 e·
555 2728 611 2773 um
632 2706 822 2785 Dominus
879 2710 908 2773 8ι
946 2727 1039 2773 orna
1041 2708 1090 2774 v1t
1125 2728 1157 2775 e·
1220 2722 1310 2771 um.

117 2915 666 2999 ι
771 2838 1378 2994 σι’

1053 3013 1071 3056 ι

703 3079 902 3123 ιι·

136 3159 270 3223 siniam
290 3152 440 3240 giu-ri-ae
478 3153 572 3219 indu·
588 3154 613 3219 it
651 3174 683 3219 e·
699 3174 755 3219 um
770 3153 821 3219 t&
849 3154 890 3219 ad
909 3163 1018 3238 portas
1036 3151 1183 3237 pa-radi·
1192 3153 1219 3217 si

511 3321 921 3382 1-1

166 3462 185 3505 .
264 3387 921 3514 'mu-iffi

148 3586 349 3653 curo-nd-vit
394 3606 510 3653 e-um.
555 3588 832 3653 Euouae.

163 3749 299 3833 Sequens
318 3749 497 3830 Antiphona
516 3748 633 3813 dicitur
650 3752 694 3813 ad
712 3748 903 3833 Magm‘ficat
919 3746 953 3810 in
970 3745 1113 3810 secundis
1128 3743 1271 3824 Veneris
1285 3749 1346 3823 pro

119 3849 192 3913 solis
210 3847 339 3913 summis
357 3847 573 3933 Pontificibus.
