3159 4792
280 270 359 366 [78]
565 270 777 345 Officium
803 272 996 343 Parvum
1022 270 1070 341 Β.
1094 272 1151 342 Μ.
1172 271 1224 342 V.

402 451 1294 512 -imi

402 518 1295 645 -Rm-iQi

309 720 375 808 jus,
436 659 647 802 &regni-bit
686 718 720 781 in
748 714 941 783 ae-tirnum.
969 714 992 780 E
1019 734 1040 783 u
1069 735 1089 780 o
1119 735 1185 781 ua
1222 736 1252 780 e.

366 835 420 900 Ps.
444 833 514 899 Nisi
534 830 707 900 Driminus
730 828 813 923 [67].

291 967 321 1030 5.
335 950 422 1014 Aria.

324 1036 391 1094 8.c
1106 1058 1124 1101 ι
1384 1126 1405 1169 Ι
1506 1063 1513 1101 ι

319 1140 395 1309 Ε
480 1242 552 1308 Gce
615 1240 744 1309 ansilla
769 1240 932 1317 Dumi-ni,
1034 1242 1072 1306 sr-
1098 1252 1132 1307 at
1164 1242 1269 1308 nri-hi
1305 1239 1505 1309 se-crindurn

605 1410 989 1469 imi

488 1484 506 1527 Ι
536 1483 554 1526 Ι
604 1477 989 1536 1-1

605 1542 989 1602 1-1

303 1650 439 1716 verbum
468 1660 604 1715 tu-um.
660 1650 727 1715 Eu
757 1669 776 1714 ο
806 1668 826 1715 u
856 1670 873 1713 a
907 1668 935 1712 e.
1007 1648 1061 1713 Ps.
1084 1648 1189 1713 Lauda
1204 1648 1406 1727 Jerusalem.
1431 1645 1505 1738 [671.

438 1774 640 1852 Capitulum.
1200 1772 1276 1832 Isaris
1293 1794 1343 1831 11.

359 1890 534 1941 ursmarus
554 1874 645 1959 virga
663 1874 703 1939 de
722 1870 827 1938 radice
841 1873 939 1953 Jesse,
957 1872 986 1935 81
1004 1872 1067 1939 iios
1080 1873 1121 1937 de
1136 1871 1240 1938 radice
1254 1875 1328 1957 ejus
1341 1873 1503 1940 ascendet.

377 1974 414 2039 Et
434 1970 609 2056 requiescet
628 1990 724 2056 super
742 1990 818 2037 eum
838 1970 978 2055 Spiritus
997 1969 1144 2036 Dimini.

321 2090 474 2175 Hymnus.
496 2090 566 2156 Ave
585 2089 683 2155 maris
702 2090 808 2154 steila.
829 2084 911 2178 [7r].
934 2090 966 2168 i.
988 2084 1112 2154 Diffusa
1131 2098 1192 2154 est.

643 2224 697 2285 Ad
711 2224 915 2299 magnificat,
931 2224 1136 2300 Antiphona.

463 2604 513 2672 Pi·
533 2606 557 2670 ri
559 2616 629 2671 -tus
503 2479 1503 2750 Simu-iius:
845 2606 879 2671 in
903 2614 934 2670 te
958 2602 1142 2682 descendet,
1165 2604 1257 2670 Ma
1216 2625 1275 2670 rr
1292 2624 1342 2670 a:
1416 2627 1458 2672 ne

1235 2804 1504 2817 ᾑ-

320 2984 362 3051 ri·
390 3008 457 3052 me·
483 3006 530 3065 as,
557 2984 700 3052 ira-bibis
746 2988 780 3051 in
809 2984 930 3054 ii-te-ro
972 2985 1069 3053 Fi-ii-
1083 3007 1140 3053 um
1161 2987 1223 3052 De-
1243 2988 1264 3063 i,
1356 2986 1490 3055 alie-iri·

311 3360 351 3424 ia.
418 3360 440 3424 E
471 3379 491 3425 u
520 3379 539 3424 o
569 3380 589 3426 u
617 3381 633 3425 a
663 3381 692 3425 e.

367 3475 465 3560 Kyrie
484 3474 620 3542 eliison.
643 3479 674 3556 i.
698 3474 860 3541 Driminus
879 3474 1064 3542 vobiscum.

827 3601 955 3664 Oratio.

279 3704 438 3871 Diris,
460 3701 516 3784 qui
537 3702 577 3766 de
595 3701 697 3767 beitae
715 3698 824 3765 Mariae
848 3698 993 3786 Virginis
1017 3699 1108 3766 itero
1132 3702 1276 3767 Verbum
1301 3711 1415 3775 tuum,
1437 3706 1498 3768 An-

382 3800 456 3885 gelo
477 3800 664 3877 nuntiinte,
685 3818 814 3865 carnem
835 3798 997 3884 suscipere
1016 3798 1150 3866 voluisti
1173 3819 1180 3865 :
1207 3810 1321 3883 praesta
1347 3801 1497 3885 supplici-

275 3897 337 3963 bus
357 3898 442 3979 tuis;
466 3908 502 3964 ut
521 3899 577 3982 qui
598 3918 672 3964 vere
691 3918 761 3963 eam
782 3897 978 3964 Genitricem
998 3898 1055 3963 Dei
1076 3898 1255 3975 uidimus
1277 3902 1347 3985 ejus
1367 3903 1452 3983 apud
1470 3912 1496 3966 te

275 3995 562 4064 intercessirinibus
581 3995 784 4081 adjuvemur.
808 3999 864 4061 Per
883 3994 1035 4063 eumdem
1056 3998 1222 4065 Christum
1243 3997 1426 4064 Driminum
1444 4019 1496 4065 m

276 4104 393 4161 strum.
416 4098 451 4181 ri.
475 4096 592 4161 Amen.

318 4212 385 4269 Haec
400 4213 498 4271 Orati)
510 4212 612 4270 dicitur
624 4213 663 4270 ad
677 4212 896 4291 Completorium,
908 4213 954 4270 sed
966 4233 1028 4271 cum
1040 4215 1209 4272 conclusum
1220 4216 1325 4294 ririegra
1336 4233 1346 4273 .·
1359 4213 1413 4273 Per
1422 4215 1494 4273 erim·

278 4304 346 4362 dem
362 4300 523 4361 D6minum
539 4308 674 4361 nostrum
685 4302 785 4383 Jesum
801 4301 951 4365 Christum
967 4302 1071 4363 Filium
1085 4311 1182 4371 tuum,
1199 4305 1248 4383 qui
1263 4311 1375 4374 tecum,
1392 4306 1443 4364 ἃς.
