3159 4792
409 289 535 363 Feria
556 289 724 374 Quinta
743 291 802 361 ad
826 290 1067 372 vesperas.
1306 295 1358 364 25

397 728 587 804 Alleluia,
638 727 817 804 alle-lti-ia,
849 726 1028 796 alleluia.

288 843 492 924 Capitulum.
1034 866 1065 904 2.
1082 844 1150 906 Cor.
1170 866 1197 906 r.

132 947 380 1113 Beuuorcrus
407 944 509 1019 Deus,
537 943 566 1009 81
595 943 685 1009 Pater
712 939 847 1008 Dimini
877 943 978 1009 nostri
1004 946 1079 1026 Jesu
1103 945 1242 1022 Christi,
1270 945 1362 1011 Pater

232 1042 542 1118 misericordiarum,
569 1042 712 1109 &Deus
735 1040 838 1108 totius
860 1040 1112 1121 consolatiunis,
1133 1045 1191 1141 qui
1211 1043 1361 1111 consoli·

128 1149 181 1204 tur
200 1159 261 1206 nos
280 1141 314 1205 in
333 1141 425 1206 omni
444 1140 658 1208 tribulatir'rne
677 1150 798 1206 nostra.

153 2078 273 2142 Partim
295 2075 473 2161 relinquis
490 2077 603 2163 gurgi·
613 2078 650 2152 ti,
700 2077 819 2143 Partim
842 2078 940 2144 le-vas
974 2077 1007 2142 in
1037 2077 1069 2143 ἑ·
1084 2095 1180 2142 e-ra:

171 2192 698 2279 Demersalymphisimprimens,
811 2194 853 2260 Ut
871 2196 967 2278 culpa
987 2195 1117 2260 nulium
1137 2190 1298 2276 deprimat
1319 2210 1327 2256 ε

125 2289 288 2358 subvecta
306 2293 394 2358 caeiis
412 2290 538 2378 erigens
558 2311 566 2358 ε
765 2291 904 2359 Nullum
924 2291 1033 2358 efferat
1047 2290 1202 2378 jatiintia
1224 2310 1232 2355 ε

126 2389 169 2456 Ut
187 2391 289 2474 stirpe
306 2392 347 2456 ab
366 2409 430 2456 una
450 2388 574 2475 predita
766 2389 851 2456 Elisa
872 2409 965 2456 mens
984 2410 1024 2456 ne
1043 2387 1202 2466 crincidat,

125 2487 260 2554 Diversa
280 2486 424 2573 repleant
443 2491 512 2554 loca
533 2507 540 2553 :
766 2488 854 2554 Eleu
874 2508 1028 2554 meusne
1048 2487 1184 2554 curruat.

170 2611 298 2699 Largire
315 2611 443 2680 cunctis
463 2612 615 2690 servulis,
811 2615 938 2689 Praesta,
960 2613 1050 2679 Pater
1068 2610 1226 2699 piissime,

124 2711 219 2789 Quos
234 2712 372 2778 mundat
386 2712 472 2778 unda
486 2711 668 2798 singuinis,
766 2711 914 2794 Patrique
932 2731 1065 2797 compar
1084 2711 1198 2786 Unice,

126 2807 255 2876 Nescire
275 2811 384 2894 lapsus
403 2809 593 2887 criminum,
766 2811 850 2877 Cum
870 2809 992 2895 Spiritu
1013 2809 1169 2876 Periclito

124 2909 192 2974 Nec
211 2909 290 2974 serre
310 2908 426 2974 mortis
444 2908 593 2975 taedium.
766 2909 920 2994 Regnans
939 2928 995 2993 per
1014 2927 1113 2975 omne
1132 2906 1302 2973 saecuium.

856 3007 976 3072 Arnen.

170 3125 203 3200 i.
226 3121 391 3208 Dirigitur
409 3121 549 3188 Dc'imine
568 3121 671 3188 oritio
692 3141 774 3187 mea.

170 3224 207 3306 ¹3·
229 3220 318 3286 Sicut
338 3220 507 3287 incensum
529 3221 563 3285 in
583 3216 759 3304 conspectu
779 3231 850 3286 tuo.

491 3345 546 3408 Ad
560 3345 765 3422 Magnifica,
782 3346 989 3424 Antiphone.

331 3784 388 3849 AC
415 3784 477 3849 De-
490 3803 529 3851 us
566 3781 695 3868 poten
711 3783 751 3850 ti·
770 3803 824 3848 am
859 3783 893 3849 in
926 3780 1062 3848 brichi·
1048 3800 1094 3847 ·o
1125 3789 1237 3846 tu-.0
1272 3775 1340 3842 dis·

141 4167 210 4254 per·
229 4171 270 4236 de
294 4170 531 4256 su·pirbos,&
569 4170 708 4236 ex-il-ta
746 4170 918 4238 humi-les.
962 4172 985 4237 E
1015 4190 1036 4237 u
1066 4189 1085 4236 o
1114 4188 1135 4234 u
1165 4187 1183 4231 a
1215 4185 1244 4228 e.

205 4303 310 4374 Preces,
327 4305 354 4364 si
363 4303 483 4364 dicendoe
496 4303 564 4374 sint,
580 4306 719 4383 utsupra,
742 4320 787 4363 rr.
