3159 4792
240 282 321 373 [10]
560 285 816 358 Commune
841 284 1175 368 Apostolorum.

816 722 991 806 princi-pai·
1030 731 1085 789 tus
1117 744 1151 788 e-
1173 722 1208 789 d
1266 744 1353 802 rum,
1401 728 1439 796 8ι

873 1003 891 1045 Ι
922 1003 940 1045 Ι
975 995 1343 1058 Ι-Ι

266 1107 445 1174 hono-rri-ti
479 1118 556 1175 sunt
596 1108 706 1176 amici
741 1111 821 1176 tu-i
845 1110 970 1177 De-us.
1019 1111 1088 1177 Eu
1118 1130 1233 1177 oua
1265 1134 1294 1177 e.

398 1231 563 1302 Psalmus
584 1233 661 1304 138.
923 1242 1157 1323 Quiatdnebrae
1169 1264 1234 1311 non
1245 1246 1479 1315 obscurabun-

241 1345 425 1512 Domus
450 1342 591 1425 probisti
622 1362 690 1419 me,
717 1342 747 1407 a
775 1363 829 1409 co
880 1352 932 1408 tur
950 1364 968 1407 a
987 1352 1034 1418 te,
1055 1342 1085 1407 a
1104 1361 1170 1409 nox
1189 1345 1274 1410 sicut
1296 1345 1368 1412 dies
1394 1348 1477 1411 illu-

344 1436 488 1524 gnovisti
510 1459 562 1504 me
583 1458 591 1505 ι
619 1440 633 1469 ⁸
652 1451 686 1507 tu
707 1461 829 1526 cogno-
880 1441 1080 1507 minabitur:
1097 1439 1112 1472 *
1128 1442 1213 1508 sicut
1226 1441 1369 1509 tenebrae
1383 1445 1474 1528 ejus,

237 1535 314 1602 visti
335 1535 515 1603 sessionem
538 1558 643 1603 rneam
669 1539 698 1603 ἃ
723 1558 828 1605 resur·
879 1539 922 1604 ita
941 1539 970 1603 ἃ
991 1540 1103 1604 lumen
1122 1541 1205 1626 ejus,

238 1632 415 1700 rediidnern
437 1656 556 1700 meam.
920 1637 1007 1715 Quia
1053 1647 1088 1703 tu
1140 1636 1313 1721 possedisti
1376 1660 1475 1706 renes

281 1731 469 1799 intellexisti
494 1732 708 1817 cogitationes
738 1754 827 1800 meas
878 1754 969 1801 meos
991 1753 998 1799 :
1020 1733 1223 1819 *suscepisti
1245 1756 1298 1801 me
1317 1738 1475 1805 deutero

236 1833 275 1897 de
297 1833 394 1916 longe
416 1849 422 1894 :
446 1830 629 1897 *semitam
661 1853 767 1897 meam
795 1834 825 1897 ἃ
878 1833 992 1899 matris
1011 1853 1103 1899 meae.

235 1928 419 1995 funiculum
442 1949 552 1994 meum
573 1930 790 2015 investigasti.
920 1930 1108 1997 Confrtcbor
1125 1932 1185 1996 tibi
1211 1934 1288 2016 quia
1312 1934 1472 2000 terribili-

280 2028 317 2092 Et
336 2046 451 2092 omnes
470 2027 539 2092 vias
565 2047 653 2093 meas
676 2028 826 2111 praevidi-
877 2038 924 2094 ter
942 2029 1170 2115 magnificetus
1188 2047 1248 2095 es:
1270 2028 1284 2060 *
1304 2030 1472 2097 mirabilia

235 2126 276 2191 sti
305 2144 312 2190 :
338 2122 453 2207 *quia
482 2144 548 2190 non
577 2135 626 2192 est
653 2144 761 2192 sermo
791 2127 823 2190 in
875 2124 970 2211 dpera
993 2127 1106 2203 tua&
1126 2126 1235 2193 anima
1255 2148 1327 2193 mea
1346 2128 1472 2214 cogno

236 2224 349 2307 lingua
369 2243 451 2287 mea.
875 2227 935 2291 scit
955 2226 1067 2290 nimis.

279 2322 356 2386 Ecce
389 2319 529 2387 Domine
568 2331 603 2386 tu
638 2320 822 2406 cognovisti
919 2322 992 2389 Non
1011 2332 1060 2388 est
1079 2323 1277 2390 occultatum
1299 2344 1337 2391 os
1353 2346 1469 2392 meurn

235 2418 347 2485 omnia
372 2417 600 2485 novissima&
620 2418 754 2502 antiqua
781 2437 788 2483 :
810 2419 824 2452 *
874 2431 954 2495 ate,
975 2421 1065 2503 quod
1084 2419 1187 2487 iecisti
1213 2422 1246 2487 in
1270 2420 1401 2489 occulto
1422 2442 1431 2487 ε
1456 2424 1469 2453 ·

234 2528 270 2583 tu
286 2516 433 2584 formasti
449 2538 514 2594 me,
531 2516 560 2581 u
576 2516 714 2601 posuisti
728 2537 824 2602 super
873 2519 902 2582 u
923 2518 1105 2585 substintia
1121 2540 1193 2584 mea
1208 2521 1241 2585 in
1258 2518 1468 2588 inferioribus

235 2636 287 2681 me
308 2635 443 2680 manum
463 2625 566 2682 tuam.
583 2625 590 2635 '
873 2625 975 2681 terrae.

277 2714 435 2780 Mirabilis
454 2712 536 2779 saeta
555 2723 604 2780 est
619 2712 751 2779 scidntia
766 2724 823 2780 tua
918 2712 1143 2799 lmperie'edium
1169 2733 1279 2781 meum
1309 2716 1467 2783 viderunt
1557 2691 1558 2694 Ἴ

231 2908 343 2995 potero
362 2910 402 2975 ad
420 2930 503 2975 eam.
873 2909 1078 2977 scribentur:
1098 2909 1112 2940 *
1131 2912 1201 2978 dies
1219 2913 1463 2990 formabuntur,

275 3009 350 3086 Quo
375 3008 430 3073 ibo
453 3028 471 3071 a
498 3006 614 3091 spiritu
642 3008 723 3072 tuo?
749 3006 763 3039 *
790 3009 820 3073 dc
870 3008 1018 3074 &nemo
1038 3008 1071 3071 in
1090 3009 1148 3074 eis.

232 3125 335 3188 quoa
355 3106 434 3169 licie
453 3116 508 3170 tua
527 3104 677 3191 iirgiam?
916 3106 998 3170 Mihi
1013 3115 1123 3171 autern
1140 3107 1241 3174 nimis
1256 3108 1464 3174 honorificati
1557 3123 1558 3152 ³

276 3203 308 3268 Si
329 3202 502 3268 asce'ndero
523 3204 556 3269 in
576 3204 706 3280 caelum,
728 3213 762 3270 tu
780 3204 821 3268 il·
872 3214 948 3269 sunt
958 3202 1054 3268 amici
1066 3203 1214 3271 tuIDeus
1229 3224 1236 3271 :
1253 3203 1377 3272 *nimis
1386 3225 1466 3272 con·
1557 3221 1558 3280 ᾗ

233 3301 328 3367 lices
350 3319 357 3367 :
380 3298 394 3331 *
415 3300 443 3366 si
464 3298 657 3367 descendero
677 3301 711 3367 in
728 3300 822 3367 infer·
871 3301 1008 3367 fortitus
1027 3312 1077 3368 est
1095 3303 1296 3387 principatus
1314 3302 1442 3369 eorum.
1557 3369 1558 3376 ,

233 3418 325 3472 num,
348 3399 435 3464 ades.
916 3399 1137 3466 Dinumeraibo
1151 3420 1219 3477 eos¹
1236 3402 1265 3465 di
1280 3420 1377 3484 super
1393 3400 1465 3467 are-
1557 3391 1558 3398 '

275 3496 308 3561 Si
329 3496 499 3580 sumpsero
519 3516 642 3581 pennas
667 3517 755 3563 meas
774 3499 821 3563 di·
872 3517 947 3562 nam
968 3498 1275 3582 multiplicabuntur
1296 3518 1303 3564 :
1321 3498 1465 3565 *exsur-

233 3594 355 3671 liculo,
378 3593 393 3626 *
413 3597 442 3659 81
462 3595 648 3660 habitaivero
669 3596 701 3659 in
718 3595 821 3661 extre·
872 3594 950 3672 rexi,
972 3595 1125 3661 &adhuc
1145 3615 1220 3663 sum
1239 3607 1360 3663 tecum.

232 3693 297 3759 mis
317 3694 440 3759 maris:
914 3692 947 3757 Si
989 3692 1144 3760 occideris
1185 3696 1274 3761 Deus
1314 3692 1463 3779 peccato·
1557 3765 1558 3786 χ

275 3792 401 3856 Etenim
424 3792 502 3858 illuc
518 3810 634 3857 manus
653 3800 708 3856 tua
722 3791 821 3857 dedu·
871 3810 920 3855 res
942 3809 949 3855 :
971 3788 985 3818 ⁸
1008 3792 1070 3856 viri
1096 3792 1295 3876 singuinum
1320 3792 1463 3858 declind-
1557 3851 1558 3876 ¹

230 3898 279 3954 cet
299 3909 351 3953 me
373 3908 381 3955 ε
403 3887 608 3954 *utenebit
623 3908 675 3953 rne
689 3886 820 3954 dextera
870 3898 901 3954 te
920 3908 938 3951 a
959 3906 1042 3953 me:
1557 3893 1558 3926 ³

230 3996 297 4052 tua.
913 3986 999 4063 Quia
1018 3985 1127 4051 dicitis
1147 3987 1180 4051 in
1199 3986 1397 4073 cogitatidne
1419 4008 1426 4052 :
1446 3988 1462 4019 *

275 4086 312 4152 Et
325 4085 394 4150 dixi
411 4082 577 4150 :Forsitan
588 4082 728 4149 tenebrae
741 4102 820 4149 con·
870 4082 1028 4166 accipient
1065 4084 1098 4149 in
1135 4085 1279 4151 vanitate
1309 4085 1461 4153 civitates
1557 4119 1558 4132 2

229 4180 819 4250 culca'rbuntme:*&noxillumi-
870 4191 953 4246 tuas.
1557 4195 1558 4208 ³

231 4280 319 4345 naitio
340 4300 411 4346 mea
431 4281 464 4344 in
484 4278 611 4345 deliciis
631 4280 725 4345 meis.
914 4279 1031 4343 Nonne
1041 4279 1097 4361 qui
1111 4278 1291 4347 oderuntte
1302 4280 1457 4360 Domine,
