3159 4792
283 216 362 309 [92]
583 216 716 291 offic.
737 220 795 290 de
816 217 886 292 Ss.
907 219 1225 293 sacramento.

563 372 700 379 ——u-—-.-.--
708 373 734 377 -.

712 480 809 556 Pro
836 481 977 557 Foris
1002 481 1083 557 111.
1141 486 1148 493 ’

420 642 668 739 OFFICIUM
701 643 770 739 DE
811 642 1031 741 stuctls
1068 644 1394 743 APOSTOLIS.

328 828 442 895 Omnu
460 833 500 895 rte
519 831 689 897 Communi
706 832 928 913 Apostolorum
940 835 1037 916 juxta
1054 833 1276 899 diversitatem
1295 834 1466 917 terrrporrs.

831 956 959 1020 Oratio.
1529 985 1530 1000 .

283 1062 442 1231 Deus,
464 1055 521 1139 qui
547 1074 607 1121 nos
631 1073 687 1139 per
711 1052 824 1121 beotos
848 1052 1026 1139 Apostolos
1053 1065 1129 1123 tuos
1155 1058 1196 1123 ad
1224 1056 1450 1145 agnitionem
1476 1070 1508 1123 tu

388 1154 534 1222 nominis
559 1152 669 1222 venire
695 1150 839 1220 tribuisti
867 1172 875 1219 :
901 1155 941 1219 da
966 1156 1062 1221 nobis
1086 1152 1199 1222 eorum
1223 1154 1379 1241 gloriam
1405 1158 1510 1241 semsi

279 1254 404 1323 tomam
424 1253 454 1320 8ι
478 1250 677 1339 proficiondo
695 1251 863 1327 celebrire,
885 1252 915 1319 81
933 1253 1121 1320 celebrindo
1140 1252 1313 1338 proficere.
1334 1256 1400 1321 Per
1413 1254 1510 1321 Domi

281 1375 361 1422 num
384 1362 532 1420 nostrum
549 1352 659 1433 Jesum
678 1350 859 1418 Christum.

321 1471 354 1529 Si
367 1470 476 1529 Festum
490 1468 535 1527 Ss.
553 1468 670 1527 Simonis
684 1472 711 1525 et
720 1467 799 1541 Judoe
812 1472 970 1535 concurrat,
981 1474 1035 1547 pro
1048 1488 1144 1527 comm
1162 1470 1256 1547 Officii
1267 1472 1369 1531 votivi
1378 1472 1483 1529 dicitu

827 1576 956 1638 Oratio.
1064 1578 1068 1585 '

368 1695 440 1751 uus,
464 1676 522 1759 qui
550 1693 610 1741 uos
633 1672 801 1740 beatorum
825 1672 1062 1758 Apostolorum
1085 1674 1418 1743 commemoratione
1444 1679 1506 1742 leu-

390 1776 496 1842 ficas:
523 1781 654 1858 praesta,
680 1791 892 1856 quaesumus3
920 1783 956 1839 ut
983 1791 1126 1857 quorum
1154 1772 1346 1861 gaudomus
1370 1774 1504 1842 moritis.

278 1874 479 1941 instruimur
497 1869 667 1955 eximplis.
690 1872 747 1935 Per
766 1869 959 1937 Dominum.

318 2006 393 2080 tto
409 2003 679 2085 completorium,
702 2002 790 2063 Tonas
805 2004 918 2081 Hymni,
935 2002 991 2086 [7].
1014 2003 1138 2085 ternpore
1150 2004 1289 2077 Posctati,
1304 2006 1362 2082 46.

705 2230 801 2305 Pro
828 2230 969 2305 Furia
996 2230 1072 2306 tv.

310 2386 557 2483 OFFICIUM
590 2384 658 2481 DE
695 2384 736 2481 S.
775 2384 973 2481 JOSEPH
1008 2384 1208 2482 SPONSO
1241 2386 1288 2481 B.
1326 2388 1391 2483 Μ.
1431 2390 1475 2484 V.

485 2552 684 2631 confessore
702 2554 736 2629 ot
755 2550 939 2629 Catholicae
958 2552 1116 2630 Eoclosiae
1134 2554 1292 2631 Patrono.

322 2709 437 2776 Omnia
462 2712 500 2774 ut
525 2708 560 2773 in
586 2706 674 2773 Festo
701 2707 878 2772 Patrocinii
904 2708 939 2775 S.
955 2708 1079 2790 loseph,
1106 2726 1182 2795 305,
1207 2708 1334 2775 omissis
1362 2711 1493 2775 Atteu‘u

275 2812 368 2875 extro
391 2806 518 2889 Tempus
536 2806 695 2872 Poscoole.

315 2921 392 2997 trid
408 2920 679 3001 completorium,
695 2925 775 2979 tonus
790 2920 903 2998 Hymni,
919 2917 995 3003 [47].
1018 2919 1141 3001 Tempore
1155 2920 1293 2994 Poscoati,
1307 2921 1363 2998 46.

714 3146 811 3221 Pro
838 3146 979 3221 Furia
1005 3146 1059 3223 V.

308 3310 465 3407 OFFIC.
494 3309 562 3405 DE
590 3308 662 3405 SS.
691 3308 1062 3407 EUCHARISTIAE
1089 3309 1468 3409 SACRAMENTO.

747 3478 787 3539 In
807 3478 835 3540 1.
851 3478 1027 3555 Vesperie.

319 3595 435 3662 Omnia
448 3596 532 3662 utin
544 3594 632 3661 Festo
648 3594 745 3677 Corp.
760 3594 893 3668 Christi,
905 3593 1026 3659 omissis
1041 3593 1183 3661 Alleluia
1191 3598 1284 3660 extro
1303 3593 1340 3661 Τ.
1355 3597 1414 3673 Ρ.,
1432 3617 1490 3663 201.

314 3709 389 3783 iod
405 3708 675 3790 completorium,
698 3708 784 3770 Yonus
798 3716 827 3770 et
843 3710 995 3790 Doxoiogia
1013 3709 1119 3780 Hunni
1132 3714 1167 3768 ut
1183 3710 1214 3769 in
1231 3710 1316 3770 chtr's
1335 3712 1373 3771 B.
1394 3715 1438 3773 M.
1455 3714 1491 3773 V..

273 3802 381 3859 etromsi
391 3802 421 3858 in
438 3799 468 3859 V
466 3802 561 3880 asperis
566 3802 645 3879 sotto
658 3803 694 3860 sit
709 3805 820 3860 turtum
834 3819 970 3858 mmmem.
988 3798 1033 3857 Ss.
1050 3799 1223 3859 Sacramenti
1233 3797 1304 3876 (m'si
1314 3800 1433 3862 Festum
1436 3812 1492 3884 pra·

273 3890 365 3949 cederes
380 3890 505 3949 habuerit
513 3892 655 3971 proprium
669 3890 866 3971 doxologiam).

744 4014 784 4075 In
797 4014 841 4076 11.
857 4015 1033 4092 vesperis.

320 4123 437 4190 Omnm
456 4130 495 4191 ut
510 4142 543 4189 m
561 4121 662 4196 Festo,
685 4137 761 4205 205.

313 4242 343 4309 i.
353 4238 461 4300 Panem
471 4239 507 4299 de
517 4236 590 4298 coelo
600 4232 763 4315 prestitisti
774 4238 826 4297 eis.
838 4243 871 4316 ¹i·
881 4237 979 4297 Omne
988 4234 1234 4297 deleotamontum
1245 4239 1276 4297 in
1286 4256 1319 4298 se
1328 4239 1487 4303 hube'ntm.
