3159 4792
244 316 349 412 [198]
578 314 643 387 De
664 313 811 388 Cantu
837 313 1137 396 Hymnorum.

281 465 312 522 ln
335 464 421 522 Festo
445 459 637 520 Exaltationis
661 459 690 518 S.
712 459 829 525 Crucis,
851 459 905 516 sub
925 464 999 516 tono
1017 460 1053 518 de
1073 459 1103 517 Β.
1128 457 1168 514 Μ.
1190 457 1244 526 V.,
1265 458 1306 516 ob
1326 455 1476 516 Ottavam

241 553 412 614 Natiuitatis
426 551 457 610 B.
476 551 515 608 Μ.
533 549 568 608 V.
586 550 651 626 (Ad
665 549 822 625 Vesperas,
845 553 979 607 servatur
997 555 1086 606 tonus
1106 545 1272 624 proprius.)
1292 547 1382 605 Extra
1405 549 1478 606 hanc

244 641 401 707 Odlavam,
418 658 505 717 super
522 639 551 696 V
549 639 633 697 exilio
647 638 737 716 Regis.

283 733 313 790 ln
338 731 431 790 Festis
455 728 668 805 Apostolorum
692 729 718 786 dr
744 727 997 804 Evangelistarum
1018 733 1099 786 extra
1119 723 1251 802 Tempus
1272 725 1435 784 Paschale.
1457 729 1481 783 in

244 823 336 881 Pestis
351 819 550 879 Dedicationis
565 818 596 876 S.
614 816 764 877 Michaelis
779 816 955 894 Archangeli
974 815 1019 892 (u
1039 817 1067 873 in
1087 816 1282 892 Apparitione
1302 817 1442 892 ejusdem
1462 819 1481 873 si

245 912 298 970 frat
312 918 393 969 extra
407 908 443 968 Τ.
461 908 521 984 Ρ.,)
536 908 565 966 in
581 908 667 966 Festo
681 907 865 984 Angelorum
881 906 1058 969 Custodum.
1077 905 1107 963 in
1122 904 1315 964 Dedicatione
1332 905 1481 965 Ecclesia.

245 1001 359 1060 &inira
374 999 491 1058 illorum
506 995 650 1065 onavas,
666 995 778 1074 Hymni
793 997 830 1054 ad
845 995 938 1054 Horas
959 996 1087 1053 minores
1107 999 1266 1054 cantantur
1285 996 1316 1053 in
1338 1001 1417 1054 tono
1437 996 1483 1072 qui

245 1096 365 1150 notatur
379 1091 416 1148 ad
431 1087 666 1164 Completorium
681 1087 711 1144 in
727 1085 887 1143 Communi
908 1085 1136 1161 Apostolorum,
1158 1105 1188 1161 p.
1211 1081 1265 1164 [7].
1289 1085 1374 1143 ldern
1396 1092 1484 1144 tonus

247 1186 381 1240 servatur
395 1180 432 1237 ad
451 1177 545 1234 Horas
565 1177 694 1235 minores
713 1193 767 1252 pro
787 1175 873 1232 Festo
892 1173 938 1232 Ss.
959 1173 1172 1250 Apostolorum
1193 1173 1268 1232 Petri
1289 1175 1316 1232 u
1338 1175 1441 1234 Pauli.
1461 1177 1484 1234 dr

244 1270 318 1328 inira
332 1267 476 1327 Ottavam
495 1265 637 1345 (excepto
657 1265 743 1323 Festo
757 1264 940 1322 Visitationis
956 1263 987 1322 Β.
1006 1263 1046 1320 Μ.
1062 1263 1111 1331 V.,
1128 1263 1256 1322 &Festo
1272 1263 1484 1323 Pretiosissimi

244 1357 415 1437 Sanguinis,
432 1357 462 1414 in
477 1374 537 1432 quo
552 1360 710 1414 cantantur
723 1371 812 1430 super
826 1353 932 1412 Salutis
947 1354 1072 1411 hunrouoe
1085 1349 1184 1428 sator).

284 1449 315 1507 ln
338 1448 430 1506 Festis
453 1445 548 1504 Unius
573 1444 618 1503 vel
643 1443 840 1502 Plurimonrm
869 1441 1033 1518 Martyrum
1054 1447 1136 1500 extra
1164 1438 1299 1518 Tempus
1328 1443 1482 1505 paschale.

244 1538 356 1615 Hymni
371 1538 408 1594 ad
424 1536 517 1593 Horas
528 1538 686 1592 cantantur
695 1550 783 1610 super
793 1533 867 1590 Deus
878 1536 988 1590 tuorum
1001 1531 1130 1588 militum.
1145 1530 1223 1589 idern
1240 1538 1331 1591 tonus
1349 1543 1486 1592 servatur

244 1629 274 1687 in
290 1629 376 1687 Festo
389 1625 420 1684 S.
438 1623 583 1683 Laurentii
598 1624 625 1682 dr
639 1641 690 1700 per
704 1619 860 1690 Otlavam,
879 1622 1022 1698 usquead
1037 1620 1282 1696 Assumptionern
1300 1621 1331 1680 Β.
1353 1623 1397 1680 Μ.
1415 1623 1452 1681 V.

283 1717 314 1774 ln
330 1715 421 1774 Festis
436 1711 646 1771 Conlessorum
662 1711 840 1770 Pontificum
856 1710 904 1769 vel
920 1727 979 1768 non
995 1709 1189 1776 Pontificum,
1203 1710 1318 1786 Hymni
1334 1713 1377 1770 ad
1393 1713 1484 1770 Horas

245 1811 403 1865 cantantur
417 1805 446 1860 in
466 1809 540 1860 tono
553 1802 616 1876 Jesu
634 1801 785 1878 redemptor
802 1801 937 1868 omnium,
956 1805 989 1856 ut
1008 1805 1128 1857 notatur
1141 1801 1178 1857 ad
1195 1799 1441 1876 Completorium
1458 1805 1483 1858 in

245 1893 405 1952 Communi
420 1890 604 1949 Confessoris
619 1907 678 1948 non
694 1889 855 1951 pontificis.
870 1908 899 1965 p.
914 1885 989 1970 [47].
1002 1888 1080 1946 ldem
1095 1895 1186 1946 tonus
1201 1897 1339 1948 servatur
1357 1893 1388 1948 in
1401 1892 1484 1948 Festo

245 1983 276 2041 S.
289 1982 397 2061 Joseph
414 1981 442 2038 in
457 1979 700 2056 Quadragesima,
714 1979 740 2036 dr
755 1979 785 2035 in
797 1979 883 2036 Festo
898 1979 923 2036 u
938 1975 1051 2036 octava
1062 1977 1222 2055 S.·Joannis
1234 1979 1381 2054 Baptistae
1394 1999 1484 2056 usque

245 2074 283 2131 ad
298 2073 416 2130 Festum
431 2069 477 2128 Ss.
494 2068 705 2145 Apostolorum
721 2067 797 2126 Petri
812 2067 837 2125 dr
853 2065 943 2124 Pauli.

286 2161 316 2218 ln
342 2159 433 2218 Festis
456 2158 612 2236 Virginum
639 2159 664 2216 a
688 2175 747 2215 non
768 2156 936 2234 Virginum,
958 2163 1116 2216 cantantur
1134 2176 1221 2235 super
1229 2159 1294 2233 Jesu
1307 2178 1415 2216 corona
1429 2162 1483 2216 ari-

273 2269 351 2308 uum.

243 2270 273 2330 gy
286 2340 413 2408 Quando
427 2337 562 2414 Vesperae
576 2337 653 2396 frunt
666 2353 684 2394 a
698 2334 834 2412 Capitulo
848 2336 885 2392 de
899 2333 957 2394 alio
972 2335 1057 2394 Festo
1070 2342 1121 2395 aut
1131 2334 1249 2405 Sancto,
1262 2341 1356 2396 tonus
1370 2338 1478 2415 Hymni

245 2432 283 2488 ad
297 2427 532 2505 Completorium
548 2427 634 2486 debet
647 2443 711 2485 esse
725 2424 802 2483 illius
817 2425 893 2483 Festi
907 2431 960 2484 aut
978 2423 1075 2485 §anor
1095 2428 1131 2485 de
1145 2444 1205 2502 quo
1216 2426 1401 2486 celebratum
1412 2435 1477 2486 esta

245 2519 398 2596 Capitulo,
425 2518 480 2576 nisi
504 2517 664 2594 doxologia
687 2515 799 2592 Hymni
823 2517 1016 2590 praecedentis
1036 2516 1110 2575 Festi
1130 2523 1207 2575 esset
1226 2519 1393 2585 servanda,
1414 2521 1477 2594 quia

245 2615 317 2667 tunc
340 2609 428 2666 debet
450 2623 568 2682 quoque
587 2605 695 2664 servari
714 2612 804 2664 tonus
824 2605 955 2681 ejusdem
977 2605 1063 2663 Festi.
1085 2608 1211 2673 Quando
1230 2613 1397 2665 occurrunt
1415 2610 1477 2665 dua

246 2695 378 2764 Otlavae,
395 2702 529 2754 servatur
542 2702 632 2755 tonus
646 2691 767 2753 Otlavae
781 2693 1040 2771 praedominantis,
1062 2694 1108 2752 vel
1129 2696 1191 2772 ejus
1211 2697 1296 2772 cujus
1315 2697 1476 2774 doxologia
1542 2765 1543 2770 η

246 2787 355 2845 servari
370 2786 467 2844 debet.

668 2915 708 2972 lte
723 2913 882 2972 vocalibus
897 2915 1051 2973 elidendis.

284 3045 412 3113 Quando
427 3043 456 3101 in
477 3041 610 3101 versibus
629 3041 834 3118 Hymnorum,
852 3042 881 3098 in
902 3041 960 3099 sine
980 3039 1117 3100 dictionis
1137 3042 1265 3100 occurrit
1284 3043 1400 3102 vocalis
1419 3043 1476 3122 (vel

246 3133 319 3202 sola,
338 3133 384 3191 vel
399 3149 468 3191 cum
483 3131 579 3190 littera
593 3130 648 3209 m),
665 3150 731 3208 quae
750 3132 787 3190 ab
806 3131 897 3190 altera
917 3131 1011 3190 vocali
1032 3132 1190 3207 excipitur,
1213 3149 1267 3190 nec
1287 3141 1476 3208 computatur

245 3224 276 3280 in
292 3230 402 3289 metro,
420 3241 449 3279 v.
466 3240 498 3299 g.
516 3221 589 3278 Cum
605 3219 691 3280 Patre
705 3227 733 3279 et
743 3221 817 3279 alnao
833 3221 950 3299 Spiritu.
970 3221 996 3278 Ο
1014 3221 1071 3278 sola
1090 3239 1258 3300 magrurum
1280 3223 1409 3292 urbium,
1424 3224 1475 3280 ista

246 3312 357 3370 vocalis
372 3311 419 3368 vel
434 3312 551 3386 penitus
566 3316 612 3368 est
625 3311 804 3376 omittenda,
823 3310 870 3368 vei
889 3310 1071 3368 subobscure
1091 3315 1209 3368 tantum
1229 3310 1422 3387 proferenda,
1439 3313 1475 3370 ita
1541 3319 1542 3326 ’

246 3407 278 3459 ut
293 3402 329 3458 ad
349 3400 495 3476 syllabam
516 3402 746 3476 praecedentem,
766 3406 839 3458 tunc
859 3399 975 3458 modice
995 3399 1175 3468 breviatam,
1192 3401 1275 3476 quasi
1296 3401 1473 3460 retrahatur.

246 3491 300 3548 nisi
315 3507 419 3548 sensus
434 3489 564 3566 postulet
579 3497 612 3548 ut
626 3489 725 3566 potius
739 3489 871 3563 sequenti
884 3490 1039 3565 jungatur.

285 3579 412 3646 Quando
435 3580 519 3636 adest
543 3595 651 3636 neuma
675 3577 704 3634 in
728 3582 832 3643 cantu,
854 3582 926 3636 tunc
945 3577 1052 3654 saepius
1072 3577 1112 3634 ita
1130 3577 1221 3636 dividi
1242 3584 1343 3654 potest
1362 3586 1397 3637 ut
1417 3582 1474 3656 ejus

246 3685 313 3744 pars
327 3666 432 3726 ultima
447 3671 564 3743 aptetur
577 3668 613 3724 ad
629 3665 772 3743 syllabam
788 3665 1039 3742 pronuntiandam
1055 3684 1121 3742 quae
1135 3667 1219 3726 aliter
1232 3666 1368 3728 elidenda
1390 3669 1471 3727 soret.

286 3756 460 3815 Cavendum
480 3762 525 3814 est
544 3773 581 3813 ne
599 3773 730 3831 unquam
751 3761 942 3832 amputentur
962 3773 1050 3814 voces
1070 3756 1301 3833 monosyllabae,
1325 3765 1359 3816 ut
1384 3759 1412 3816 in
1431 3759 1473 3816 his

245 3845 388 3923 exemplis
406 3864 412 3905 :
430 3846 468 3904 Et
486 3845 554 3902 Filio
567 3845 613 3922 qui
627 3865 645 3902 a
658 3846 782 3911 mortuis,
801 3845 929 3903 Morutro
945 3850 973 3903 te
987 3865 1041 3902 esse
1055 3851 1177 3904 matrern.
1540 3917 1541 3920 Ἴ

286 3935 423 3994 Vitentur
445 3935 534 3994 etiam
558 3932 693 3992 elisiones
718 3952 754 3992 ex
778 3933 885 4010 quibus
908 3934 1091 4011 cacophonia
1114 3935 1315 4012 gigneretur:
1337 3937 1425 4015 aclpae
1442 3945 1473 3994 ut
1540 3923 1541 3938 ³

245 4024 413 4101 relinquant.
431 4023 511 4082 Patri
526 4043 558 4080 oc
574 4021 725 4080 Paractito.

284 4114 411 4180 Quando
422 4131 475 4188 pro
486 4130 545 4170 una
554 4110 668 4187 syllaba
677 4113 744 4170 duae
754 4111 935 4170 brevissimae
946 4119 1113 4188 ponuntur:
1127 4133 1156 4171 v.
1168 4131 1199 4190 g.
1211 4114 1376 4192 Speculator
1384 4116 1472 4174 adstat

243 4202 366 4278 desuper,
384 4201 535 4280 Poputique
553 4201 612 4258 Rex
624 4202 744 4276 judaici,
763 4203 859 4260 ambae
873 4197 1009 4259 distintle
1023 4201 1079 4259 sub
1094 4203 1196 4260 eadem
1216 4209 1287 4262 nota
1306 4211 1467 4264 cantentur.

670 4360 1041 4416 —÷0=<--·
