3159 4792
483 289 593 360 Toni
617 289 914 360 Psalmorum.
1207 281 1311 375 [1¹73]

124 434 157 492 ln
173 433 345 501 Dominicis,
362 432 453 491 Festis
468 432 730 510 Semiduplicibus,
747 436 772 493 dr
787 433 877 503 inira,
898 433 1076 510 Antiphonae
1094 437 1163 488 ante
1182 429 1314 487 Psalmos

79 523 109 580 u
135 523 258 582 Cantica
281 522 471 581 solummodo
493 522 673 599 incipiuntur
697 541 789 599 usque
808 525 845 582 ad
864 523 1011 600 duplicem
1032 520 1189 588 lineolam;
1212 525 1314 594 postea

32 632 33 635 ¹
79 631 158 671 vero
174 614 297 691 integrae
310 613 459 671 dicuntur.
476 614 603 681 Quando
618 613 790 689 Antiphona
810 614 912 690 incipit
930 632 947 672 a
966 613 1062 690 primo
1082 627 1168 668 versu
1188 608 1311 676 Psalmi,

31 700 32 703 ’
80 702 220 761 Psalmus
235 709 306 762 tunc
321 701 459 780 incipitur
473 703 511 760 ab
525 721 560 761 eo
575 704 667 762 verbo
682 704 710 761 in
726 722 786 779 quo
801 705 908 762 desinit
923 702 1104 779 Antiphona,
1121 700 1184 759 sive
1199 699 1313 775 integra

79 793 211 858 dicatur,
228 792 291 850 sive
306 798 423 851 tantum
439 792 591 860 inchoata,
609 793 648 850 ita
663 798 696 850 ut
710 793 801 852 verba
818 793 997 870 Antiphonae
1017 809 1076 849 non
1097 794 1266 866 repetantur
1284 788 1314 845 in

81 881 221 950 Psalmo;
238 882 262 940 si
277 888 375 940 tamen
391 883 451 940 sint
464 884 566 940 eadem
579 883 678 950 verba,
690 883 716 941 ἃ
726 883 916 942 continuetur
925 882 1095 959 Antiphona
1105 897 1173 938 cum
1185 877 1311 946 Psalmo,

80 973 111 1030 ἃ
126 971 182 1030 nisi
197 973 322 1030 addatur
336 971 456 1030 Atalmo
471 973 500 1030 in
514 971 574 1030 ime
588 971 779 1050 Antiphonae.

125 1096 156 1158 2.
171 1097 293 1156 Cantica
311 1097 477 1176 Magmflcat
498 1098 523 1156 dr
546 1098 701 1156 Benedrltus
724 1099 902 1157 inchoantur
925 1097 1009 1156 initio
1032 1096 1139 1154 festivo
1163 1111 1256 1172 usque
1276 1094 1313 1151 ad

81 1186 226 1245 ultimum
241 1205 371 1256 versum,
388 1187 476 1245 etiam
492 1187 521 1245 in
537 1187 644 1246 Officio
659 1187 748 1246 leriali
763 1188 812 1246 vel
826 1184 1047 1246 Defunctorum.

127 1277 242 1336 Primus
257 1295 360 1336 versus
373 1277 551 1356 Magruflcat,
574 1283 693 1354 propter
712 1278 903 1346 brevitatem,
924 1278 1012 1336 habet
1032 1274 1230 1334 intonationes
1250 1291 1315 1350 spe·

83 1366 174 1424 ciales
189 1367 219 1424 in
234 1367 341 1443 quovis
355 1372 439 1434 tono,
456 1372 490 1425 ut
504 1366 577 1425 infra
592 1367 752 1426 notabitur.

127 1456 159 1514 ln
173 1455 267 1515 Tonis
286 1475 310 1514 r.
327 1473 357 1514 2.
373 1457 399 1515 dr
414 1455 443 1515 8.
460 1457 584 1516 habetur
597 1475 651 1534 pro
666 1457 795 1517 Canticis
809 1457 975 1537 Magru'flcat
991 1457 1016 1515 dr
1035 1455 1189 1513 Benedicbu
1209 1453 1315 1511 modu-

85 1545 160 1605 latio
174 1545 345 1615 solemnior,
363 1565 428 1623 quae
441 1548 479 1605 ad
498 1547 615 1605 libitum
634 1547 764 1605 adhiberi
783 1552 884 1624 potest
902 1547 931 1604 in
952 1547 1043 1605 Pestis
1061 1543 1253 1603 solemnibus

128 1671 158 1732 3.
173 1672 345 1731 Notandum
362 1678 407 1730 est
425 1672 634 1730 mediationem
653 1673 827 1740 abbreviari,
844 1673 955 1731 omissa
969 1678 1040 1730 nota
1058 1670 1150 1738 finali,
1172 1669 1201 1727 in
1221 1667 1314 1727 Tonis

85 1779 117 1820 2.
134 1779 165 1835 4.
185 1780 211 1836 5.
228 1759 257 1820 6.
274 1762 300 1820 ἃ
314 1761 362 1829 8.,
379 1761 624 1838 quotiescumque
638 1763 775 1821 ultimum
793 1763 915 1821 verbum
931 1763 1033 1839 primae
1048 1760 1139 1837 partis
1153 1777 1256 1818 versus
1269 1764 1314 1816 est

87 1851 258 1910 hebraicum
274 1852 336 1910 sine
351 1851 476 1910 flexione
492 1852 556 1929 (ex.
574 1868 619 1929 gr.
636 1852 738 1918 Daor'd,
756 1853 855 1921 lsrael,
869 1853 967 1927 Jacob,
990 1852 1040 1910 sed
1060 1868 1120 1908 non
1133 1847 1244 1928 judee),
1267 1847 1314 1905 vel

87 1939 331 2018 monosyllabum
348 1941 412 2018 (ex.
430 1959 475 2019 gr.
491 1960 561 2009 sum,
575 1945 617 2009 tu,
630 1939 683 2018 es).
696 1941 727 1999 ln
738 1938 830 2000 'lonis
846 1960 869 2000 r.
883 1942 950 2018 3.8ι
967 1958 995 2018 7.
1013 1940 1152 1999 mediatio
1168 1941 1196 1996 in
1212 1939 1313 1995 eadem

87 2030 273 2090 occurrentia
287 2031 472 2089 contrahitur
485 2031 532 2089 vel
546 2031 712 2107 corripitur,
730 2049 790 2089 non
808 2048 923 2108 semper
936 2031 1068 2106 quidem,
1084 2031 1134 2088 sed
1150 2029 1179 2086 in
1194 2027 1315 2103 quibus-

87 2122 158 2178 dam
173 2125 290 2179 tantum
305 2120 432 2188 casibus,
449 2125 482 2178 ut
497 2120 608 2196 patebit
622 2138 673 2196 per
687 2120 822 2197 exempla
836 2120 1027 2197 intraposita.

129 2244 159 2306 4.
174 2243 251 2303 Toni
271 2264 296 2304 ι.
312 2263 341 2322 3.
358 2263 388 2319 4.
406 2262 435 2322 7.
452 2245 478 2303 dr
497 2244 526 2303 8.
544 2245 654 2304 habent
676 2244 774 2322 plures
798 2247 1021 2304 terminationes
1045 2263 1095 2304 seu
1119 2241 1311 2312 differentias,

89 2353 157 2411 quae
171 2331 331 2412 respective
346 2335 525 2411 respondent
539 2335 627 2393 variis
641 2337 738 2393 modis
753 2337 861 2410 quibus
871 2336 1051 2412 Antiphonae
1061 2333 1187 2392 melodia
1199 2333 1315 2392 inchoa·

90 2431 149 2491 tur,
167 2424 207 2482 ita
222 2430 254 2481 ut
268 2443 304 2482 ex
318 2423 422 2482 ultima
438 2429 508 2483 nota
519 2441 620 2482 versus
630 2426 667 2482 ad
677 2425 803 2501 primam
819 2426 999 2502 Antiphonae
1010 2425 1101 2484 facilis
1112 2425 1150 2482 sit
1159 2423 1312 2481 transitus.

92 2513 284 2590 Unaquaeque
298 2513 461 2571 differentia
474 2514 646 2590 designatur
659 2531 711 2590 per
725 2513 852 2572 litteram
868 2534 934 2590 quae
949 2516 1107 2590 respondet
1123 2533 1184 2572 suae
1203 2512 1315 2571 ultimae

91 2609 180 2661 notae.
198 2603 356 2662 Sciendum
371 2603 481 2661 etenim
497 2604 578 2679 quod
593 2605 623 2664 A
638 2602 773 2661 nominat
788 2605 830 2674 la;
848 2606 888 2672 B,
905 2605 942 2675 si;
961 2605 996 2672 C,
1013 2608 1063 2674 ut;
1081 2607 1124 2671 D,
1141 2620 1188 2672 re;
1206 2604 1243 2670 E,
1261 2603 1301 2659 mi
1306 2618 1312 2670 ;

88 2695 127 2758 F,
136 2695 192 2768 sa;
210 2693 249 2759 G,
266 2692 315 2749 sol.
332 2691 361 2750 Si
377 2691 474 2768 plures
489 2691 659 2750 differentiae
674 2692 703 2750 in
720 2698 791 2752 nota
806 2696 907 2752 eadem
923 2693 1128 2760 terminantur,
1142 2693 1205 2752 haec
1219 2691 1315 2750 littera

89 2800 141 2858 per
154 2782 276 2858 signum
290 2781 410 2858 aliquod
425 2781 629 2859 distinguitur,
646 2787 680 2840 ut
695 2782 778 2840 infra,

130 2905 157 2968 ⁵.
173 2907 243 2965 Post
261 2925 408 2984 quemque
427 2906 562 2975 Tonum,
584 2913 776 2984 apponuntur
800 2909 948 2984 exempla,
967 2911 1045 2967 unde
1064 2914 1184 2985 pateant
1204 2907 1315 2985 regulae

89 2997 251 3055 secundum
266 3015 339 3073 quas
354 2997 518 3056 modulatio
532 2997 720 3056 mediationis
735 2998 761 3056 u
775 2999 993 3057 terminationis
1007 2999 1101 3075 aptari
1121 2999 1207 3057 debet
1228 2997 1315 3056 variis

92 3086 187 3144 modis
202 3086 310 3162 quibus
323 3093 463 3146 accentus
478 3104 651 3146 concurrere
667 3094 802 3163 possunt.

441 3339 702 3435 Primus
738 3339 968 3436 Tonus.

248 3486 1048 3595 e—————-.

136 3682 213 3866 P
273 3801 391 3866 Rimus
414 3801 527 3866 Tonus
560 3801 607 3866 sic
652 3799 851 3885 incl-pi-tur,
877 3802 907 3866 8ι
932 3803 978 3867 sic
998 3803 1112 3868 medi·
1130 3799 1266 3867 arun*

149 3927 363 3987 Differentiae
502 3927 524 4004 J
591 3925 633 3981 vel

90 3985 235 4093 ,-

131 4288 238 4368 Atque
266 4288 313 4353 sic
335 4284 498 4353 fr-ni-tur.
593 4288 701 4370 Atque
728 4287 776 4354 sic
799 4285 961 4356 sr-ni-tur.
