3159 4792
240 186 319 281 [84]
567 179 780 255 Officium
806 178 1151 252 Defunctorum.

238 348 1487 569 Q
432 357 1519 447 *····‘⁴···¹

257 625 289 703 i.
312 618 449 687 Audi-vi
476 638 601 685 vozem
622 618 661 682 de
686 618 777 685 cae-lo
805 614 982 682 di-cintem
1003 616 1110 683 mi-hi.

239 725 1486 977 Q

259 1026 294 1109 ii.
312 1020 368 1087 Be·
386 1018 450 1085 i-ti
472 1016 618 1084 minu-i
638 1016 695 1100 qui
748 1016 781 1082 in
802 1014 957 1082 Uimi-no
977 1017 1092 1083 miri·
1110 1017 1221 1083 intur.

604 1161 659 1223 Ad
672 1161 878 1237 magnificat,
894 1162 1099 1238 Antiphona.

485 1579 578 1627 -mne
597 1561 685 1644 quod
705 1561 759 1627 dat
779 1560 873 1625 mi-hi
904 1561 960 1625 Pa·
997 1570 1056 1636 ter,
1104 1562 1144 1626 ad
1164 1582 1217 1626 me
1249 1561 1309 1627 vi·
1327 1564 1389 1629 ni·
1417 1576 1460 1641 et,

1278 1715 1288 1772 Ι

287 1854 307 1898 ι
874 1852 892 1895 ι
1174 1853 1193 1897 ι
1222 1853 1242 1896 ι
1279 1848 1289 1905 ι

285 1970 314 2034 ἃ
355 1988 454 2035 e-um
475 1970 531 2053 qui
546 1970 658 2035 ¹venit
694 1970 734 2034 ad
755 1989 818 2043 me,
850 1987 916 2034 non
940 1967 1069 2055 e-ji-ci-
1082 1990 1135 2035 am
1156 1972 1267 2036 io-ras.

239 2318 419 2328 ..—..
617 2259 955 2320 Ι-

243 2375 339 2441 Cant.
363 2374 608 2461 Magni-fi-cat.
657 2376 679 2440 E
706 2393 726 2441 u
756 2394 776 2440 0
805 2393 826 2440 u
855 2395 873 2439 a
905 2396 934 2441 e.

241 2534 422 2604 Canticum
445 2536 482 2604 Β.
511 2534 630 2604 Mariae
658 2533 825 2625 Virginis.
923 2544 1009 2612 Fecit
1046 2545 1225 2629 potintiam
1264 2546 1299 2611 in
1345 2548 1477 2615 brichio

241 2648 511 2815 Miomiicii
525 2640 539 2672 *
553 2644 662 2709 inima
677 2664 748 2709 mea
765 2641 829 2709 Di
879 2662 939 2709 suo
961 2662 968 2708 ε
985 2641 999 2673 *
1018 2642 1169 2728 dispirsit
1183 2642 1350 2729 supirbos
1371 2660 1477 2713 mente

369 2744 511 2810 minum.
878 2742 984 2808 cordis
1002 2742 1066 2808 sui.

283 2842 320 2907 Et
344 2841 519 2907 exsuliivit
543 2839 677 2925 spiritus
700 2841 827 2908 meus*
923 2838 1081 2924 Depdsuit
1105 2838 1253 2924 potentes
1276 2842 1319 2907 de
1346 2846 1443 2921 sede,
1467 2848 1478 2869 ¹

241 2940 274 3004 in
291 2939 358 3006 Deo
376 2939 508 3006 salutiri
530 2960 614 3004 meo.
878 2939 1077 3005 &exaltavit
1096 2935 1246 3005 hiimiles.

283 3036 520 3121 Quiarespixit
535 3037 755 3104 humilititem
771 3058 829 3104 an·
922 3037 1107 3104 Esuriintes
1127 3036 1278 3122 implivit
1299 3040 1409 3107 bonis
1437 3062 1444 3107 :
1468 3048 1478 3069 '

236 3134 321 3202 ciilae
341 3155 408 3202 suae
430 3154 437 3201 :
459 3133 563 3201 *ecce
589 3136 678 3201 enim
704 3156 743 3201 ex
768 3138 829 3203 hoc
878 3135 1046 3203 &divites
1063 3136 1193 3203 dimisit
1211 3136 1340 3203 inineS.

237 3234 364 3300 beitam
386 3255 439 3299 me
461 3234 569 3300 dicent
593 3252 709 3301 omnes
731 3253 829 3320 gene-
921 3234 1070 3319 Suscipit
1079 3235 1172 3301 israel
1187 3234 1328 3320 piletum
1345 3242 1478 3313 suum,⁸

238 3330 390 3398 ratibnes.
879 3334 1062 3400 recorditus
1081 3332 1311 3401 misericdrdiae
1332 3356 1423 3404 suae.

281 3431 366 3509 Quia
398 3431 472 3497 fecit
505 3432 584 3498 mihi
619 3450 736 3518 magna
768 3432 826 3515 qui
921 3430 1011 3498 Sicut
1049 3432 1178 3499 loetitus
1218 3443 1268 3500 est
1304 3436 1350 3501 ad
1371 3450 1478 3520 patres

237 3538 354 3614 potens
373 3527 685 3595 est:*&saniium
707 3549 826 3595 nomen
879 3541 1018 3606 nostros,
1049 3529 1064 3561 *
1093 3531 1256 3597 Abraham
1291 3533 1321 3597 81
1354 3535 1477 3603 simini

237 3632 318 3714 ejus.
877 3631 947 3715 ejus
965 3629 997 3693 in
1017 3631 1146 3695 saecula.

280 3726 318 3791 Et
338 3724 557 3791 misericbrdia
575 3729 646 3810 ejus
669 3747 686 3791 a
713 3725 826 3811 progi
921 3725 1079 3810 Requiem
1099 3726 1264 3793 aetirnam.

236 3826 289 3890 nie
318 3824 351 3889 in
381 3823 552 3911 proginies
583 3819 597 3854 *
630 3824 826 3892 timintibus
922 3826 959 3891 Et
979 3828 1036 3892 lux
1055 3825 1219 3911 perpitua.

236 3942 324 3989 eum.
916 3933 1061 4011 Repetitur
1073 3933 1149 3993 Aria.
1166 3934 1274 3993 Omne.

321 4076 431 4141 Preces
451 4076 659 4160 infrascriptae
677 4078 828 4143 dicuntur
838 4078 938 4163 flexis
949 4079 1091 4162 genibus.

278 4212 368 4275 Pater
388 4218 507 4275 noster.
528 4211 654 4274 secreto.
