3159 4792
206 269 285 338 438
547 268 681 339 Festa
699 263 921 337 Octobris.
943 266 989 334 2.
1011 268 1058 336 4.
1080 268 1125 335 5.
1218 322 1223 333 .

529 498 531 505 ι
640 445 687 519 ln
707 444 759 518 11.
782 442 1000 540 Vesperis.

250 609 438 690 Antiphone
457 612 494 673 ut
511 609 544 672 iu
565 608 588 672 Ι.
611 607 765 688 Vesperis.
788 606 910 672 Psalmi
921 611 959 672 de
973 607 1150 681 Domim'cu,
1167 611 1222 673 sed
1235 611 1300 674 loco
1315 609 1436 685 ultimi,
1567 657 1572 674 .

205 708 259 775 Ps.
281 705 467 773 Confitebor
486 706 588 772 tibi...
611 703 769 789 qudniam
790 704 922 771 audisti.
943 710 1105 787 utsupra,
1127 704 1204 786 426.

251 834 433 915 Capitulum
451 838 484 897 et
500 832 642 914 Hymnus
660 836 698 897 ut
714 832 748 895 iu
766 831 789 895 Ι.
814 832 969 913 Vesperis.

286 960 314 1028 u.
332 958 362 1015 ln
377 955 535 1034 conspediu
551 956 734 1034 Angeldrum
749 955 874 1033 psallam
889 956 942 1015 tibi
958 956 1035 1015 Deus
1050 974 1144 1015 meus.

285 1052 316 1124 fi·
334 1046 472 1105 Adoreibo
487 1049 523 1106 ad
538 1047 684 1123 templum
700 1043 834 1105 sendum
850 1052 947 1114 tuum,
964 1047 990 1103 ἃ
1005 1046 1172 1105 confitebor
1187 1046 1300 1105 ndmini
1315 1052 1379 1106 tuo.

563 1183 617 1244 Ad
632 1182 837 1259 Magnificat,
853 1182 1059 1258 Antiphona.

246 1330 309 1645 'S
297 1320 1435 1515 ρι’-ΞΕ·-

411 1576 508 1646 Audi
491 1581 790 1790 A-nge-
658 1581 701 1644 i-i
771 1577 930 1646 Custddes
951 1582 1065 1657 nostri,
1113 1579 1275 1647 de-sendi-
1280 1592 1313 1647 te
1334 1599 1394 1647 nos

248 2388 521 2453 Euouae

233 2658 276 2753 4.
485 2658 534 2755 S.
563 2658 814 2754 Francisci
839 2654 1153 2749 Confessoris

703 2812 814 2888 Duplex
826 2811 925 2887 nujus.

752 2929 879 2990 Oratio.

205 3028 363 3195 Deus
390 3026 446 3135 qui
475 3023 646 3091 Ecclesiam
675 3036 764 3091 tuam
795 3025 888 3135 beiti¹
905 3022 1063 3137 Francisci
1086 3022 1312 3138 uiduitis'ioetu
1338 3042 1432 3139 ndvae

314 3124 415 3206 prolis
441 3122 620 3207 amplificas
646 3142 653 3188 :
681 3123 787 3189 tribue
813 3124 908 3189 nobis
932 3142 971 3187 ex
1000 3141 1070 3207 ejus
1099 3133 1283 3189 imitatione
1308 3132 1434 3188 terrena

202 3220 381 3304 despicere,
407 3219 640 3288 &caelestium
667 3221 830 3289 dondrum
854 3238 982 3303 semper
1006 3219 1253 3305 participatidne
1280 3219 1430 3305 gaudere.

202 3320 260 3384 Per
279 3316 471 3385 deinum.

241 3452 272 3509 Iu
287 3452 321 3510 ΙΙ.
342 3452 423 3531 Vesp.
440 3472 537 3513 comm.
554 3456 698 3533 sequentes.

233 3678 276 3773 5.
344 3677 423 3775 Ss.
459 3680 642 3776 Placidi
676 3688 723 3775 et
756 3679 1005 3777 Sociorum
1033 3647 1298 3801 Martyrum.

281 3856 356 3915 Avia.
374 3857 499 3918 lstdrum
515 3865 568 3917 est.
586 3856 661 3940 [29].
679 3861 707 3930 i.
725 3860 878 3920 Laetdmini
893 3858 924 3917 in
939 3857 1079 3916 deino.

752 3977 880 4038 oratio.

291 4087 358 4148 ευε,
381 4074 437 4156 qui
459 4094 519 4140 nos
537 4072 688 4143 concedis
708 4072 894 4140 sanddrum
915 4072 1093 4156 Mirtyrum
1114 4070 1244 4139 tudrum
1261 4072 1380 4138 Piicidi
1401 4073 1432 4139 8ι

313 4169 480 4237 Socidrum
501 4175 572 4258 ejus
592 4170 738 4238 natalitia
757 4170 860 4237 cdlere
882 4188 890 4235 :
912 4171 1068 4236 danobis
1093 4171 1126 4234 in
1150 4170 1268 4237 aeterna
1291 4171 1433 4237 beatitd-

200 4264 275 4330 dine
294 4268 334 4331 de
353 4267 464 4335 edrurn
484 4270 635 4337 societite
654 4269 805 4356 gaudere.
827 4270 885 4336 Per
903 4265 1084 4335 deinum
1106 4277 1267 4335 nostrum.
