3159 4792
287 316 289 323 ¹
377 290 511 359 Festa
531 288 826 371 Septembris.
850 291 931 359 22.
954 292 1035 361 23.
1059 293 1140 363 24.
1294 294 1370 361 421

183 433 286 491 Deinde
295 452 390 497 comm.
408 431 456 495 Sa.
473 430 624 494 Mauritii
640 437 675 495 ot
690 431 862 495 Sociorum
878 433 1073 512 Martyrum.
1089 435 1164 494 Aria.
1188 436 1314 495 lstorum
1329 444 1374 497 est

143 524 232 580 enim.
250 518 325 602 [29].
344 524 371 591 i.
389 521 541 581 Laetiminl
557 522 587 580 in
603 522 741 581 Domino.

692 639 819 701 Oratio.

142 734 330 910 Annua,
362 755 554 819 quaesumus
582 735 793 821 omnipotens
821 738 908 804 Deus
935 755 942 800 :
970 747 1006 803 ut
1034 736 1221 805 saniiinum
1252 740 1371 827 Misty-

252 855 324 901 rum
344 832 476 901 tuinum
501 832 642 901 Mauritii
666 836 694 899 a
718 833 887 902 Sociorum
912 838 982 921 ejus
1006 855 1066 902 nos
1090 836 1232 903 laetificet
1255 838 1369 905 festiva

141 933 355 1013 solemnitas;
385 944 420 999 ut
444 952 585 1016 quorum
611 934 774 1018 suffrigiis
799 932 951 1010 nitimur,
978 932 1091 1001 eorum
1116 935 1273 1003 natalitiis
1298 938 1370 1023 glo·

142 1033 275 1098 rie'mur.
297 1032 353 1097 Per
372 1028 565 1097 Dominum.

181 1158 213 1214 ln
228 1158 263 1215 ll.
284 1157 417 1234 Vespera,
434 1158 473 1215 ad
485 1157 661 1235 Magnifica,
678 1156 753 1215 Aria.
772 1156 924 1235 Dispe'rsit.

182 1272 289 1331 Comm.
305 1275 438 1352 sequentis
451 1278 479 1331 et
493 1273 523 1331 S.
547 1271 649 1333 Theclae
666 1272 788 1352 Virginis
799 1279 829 1333 et
840 1274 984 1350 Martyris.

173 1507 245 1604 23.
415 1508 463 1603 S.
500 1508 606 1603 Lini
642 1512 771 1630 Papae
799 1530 845 1597 et
872 1508 1100 1631 Martyris.

662 1669 845 1747 Semiinplex.

222 1796 295 1853 Aria.
313 1795 369 1853 lste
384 1792 511 1853 saniius.
531 1791 605 1875 [14].
624 1796 652 1863 i.
670 1794 768 1852 Gloria
783 1795 810 1851 a
824 1794 946 1852 honore.

692 1910 820 1972 Oratio.

144 2014 302 2181 Dein,
328 2010 385 2091 qui
415 2027 475 2075 nos
498 2008 582 2073 beiti
608 2006 678 2072 Lini
704 2005 854 2092 Mirtyris
877 2008 925 2074 tui
950 2016 1048 2090 atque
1072 2007 1236 2075 Pontificis
1259 2010 1367 2075 imnua

255 2107 461 2174 solemnitite
486 2105 628 2171 laetificas
652 2104 820 2171 :concede
843 2105 1025 2190 propitius3
1046 2115 1083 2171 ut
1106 2110 1199 2191 cujus
1219 2108 1368 2209 ¹natalitia

140 2206 293 2282 colimus,
311 2206 350 2271 de
364 2206 509 2290 ejlisdem
529 2202 627 2269 itiam
648 2201 848 2287 proteilione
867 2204 1079 2290 gaudeimus.
1097 2205 1154 2270 Per
1172 2204 1364 2282 Dominum.

179 2340 284 2399 Deinde
297 2358 392 2397 comm.
411 2338 442 2400 S.
463 2336 594 2400 Thecloe
616 2338 739 2416 Virginis
757 2342 785 2395 et
802 2339 946 2415 Martyris.
969 2340 1044 2398 Aria.
1061 2338 1133 2397 Veni
1153 2358 1272 2416 sponsa.
1291 2338 1365 2421 [5¹]-

140 2432 169 2501 ᾖ.
187 2429 288 2507 ὃρόείε
303 2434 364 2487 tua.

689 2508 817 2570 Oratio.

143 2612 261 2779 Di,
280 2626 471 2691 quaesumus
489 2604 700 2690 omnipotens
719 2606 807 2672 Deus
829 2624 836 2671 :
860 2606 970 2688 utqui
990 2605 1091 2672 beitae
1110 2608 1238 2673 Theclae
1258 2605 1366 2692 Virgi-

248 2707 345 2771 nis&
366 2706 515 2792 Mirtyrls
538 2714 603 2771 tuae
629 2702 773 2773 natalitia
797 2703 956 2781 colimus,
978 2705 1007 2768 8ι
1026 2704 1134 2771 innua
1158 2705 1366 2771 solemnitite

140 2804 297 2880 laetimur,
319 2806 347 2869 a
367 2814 465 2870 tantae
484 2802 560 2868 fidel
581 2802 792 2887 proficiimus
811 2800 975 2885 eximplo.
998 2803 1055 2867 Per
1073 2802 1267 2868 Dominum.

170 3162 242 3259 24.
279 3164 474 3259 Festum
508 3162 561 3257 B.
595 3160 759 3256 Mariae
792 3159 1006 3281 Virqinis
1037 3162 1094 3256 de
1126 3161 1363 3257 Mercede.

639 3330 748 3408 nunna
762 3329 861 3407 majus.

183 3458 298 3524 Omnia
316 3462 354 3523 nt
370 3459 404 3522 in
424 3457 522 3523 Fastis
540 3457 577 3520 B.
601 3456 648 3521 M.
674 3456 729 3530 V„
753 3451 835 3545 [65],
854 3459 968 3536 preter
989 3454 1183 3521 Orationem.

686 3572 814 3633 Oratio.

227 3690 298 3747 Eua,
324 3673 382 3755 qui
407 3689 463 3755 per
485 3669 758 3755 gloriosissimam
784 3667 856 3734 Filii
882 3670 929 3735 tui
951 3670 1097 3746 Matrem,
1119 3671 1159 3734 ad
1179 3668 1363 3735 liberindos

243 3770 478 3837 Christifidiles
501 3790 519 3834 a
543 3768 700 3853 potestite
724 3765 938 3853 paganorum,
966 3786 1049 3833 nova
1072 3765 1246 3833 Ecclisiam
1270 3776 1360 3834 tuam

137 3871 227 3952 prole
244 3869 442 3954 amplificire
466 3867 620 3953 dignitus
642 3884 705 3932 es:
733 3874 863 3950 praesta,
889 3884 1099 3948 quaesumus;
1125 3875 1163 3931 ut
1185 3884 1284 3949 quam
1309 3864 1362 3949 pie

136 3968 328 4034 venerimur
346 3967 427 4033 tanti
448 3964 554 4050 operis
575 3962 824 4039 institutricem,
846 3966 916 4048 ejus
935 3963 1052 4047 piriter
1071 3962 1244 4029 miritis&
1265 3963 1362 4027 inter-

137 4064 298 4139 cessione,
325 4086 342 4129 a
371 4064 509 4148 peccitis
536 4062 693 4129 omnibus
721 4063 749 4126 8ι
778 4060 964 4143 captivitite
988 4062 1149 4127 daemonis
1174 4059 1359 4125 liberimur.

137 4164 194 4229 Per
212 4162 364 4229 ellmdem
385 4160 578 4229 Dominum.

178 4286 284 4345 Comm.
302 4288 333 4345 S.
352 4287 421 4344 Lini.
440 4288 514 4346 Aria.
532 4286 588 4353 Qui
605 4285 680 4343 vult.
699 4281 772 4365 [161.
793 4288 821 4351 ll.
833 4283 936 4361 Justus
950 4289 982 4341 ut
997 4283 1106 4359 palma.
