3159 4792
332 294 805 368 commemorationes
826 294 1119 369 Communes.
1300 301 1352 371 39

302 437 454 506 Oremus.
1046 442 1169 510 Oratio.

127 557 327 733 Conceoe
348 576 409 622 nos
427 556 568 623 famulos
588 566 675 632 tuos,
696 575 889 639 quaesumus
912 555 1054 624 Domine
1078 560 1176 635 Deus,
1199 558 1352 645 perpetua

223 656 345 722 mentis
364 657 393 721 ἃ
412 653 553 740 corporis
573 654 710 721 sanitite
728 652 884 741 gaudere,
906 656 936 721 ἃ
956 655 1103 745 gloriosa,
1121 659 1222 724 beitae
1242 658 1352 725 Mariae

123 774 253 839 semper
271 753 418 838 Virginis
432 751 673 829 intercessione,
690 773 708 818 a
723 751 874 837 praesinti
891 753 1017 821 liberiri
1033 755 1172 835 tristitia,
1190 759 1219 823 δι
1234 755 1352 824 aeterna

123 852 242 938 pertrui
265 851 389 919 laetitia.

216 1013 261 1062 nb
275 1014 381 1062 Octava
391 1012 561 1075 Epiphaniae
575 1024 664 1075 usquo
676 1010 712 1060 ad
728 1009 953 1062 Purificattonem
967 1013 1071 1073 dicitur,

168 1135 201 1212 t.
224 1134 298 1198 Post
318 1140 446 1216 partum
467 1131 569 1218 Virgo
590 1129 745 1197 invioiita
765 1129 985 1216 permansisti.

168 1234 203 1318 rt.
226 1231 283 1296 Dei
303 1228 450 1296 Genitrix
469 1227 629 1296 intercide
648 1249 706 1314 pro
727 1229 836 1297 nobis.

302 1372 455 1440 Oremus.
1045 1373 1170 1441 Oratio.

213 1511 281 1568 eus,
302 1490 361 1574 qui
381 1490 497 1556 salutis
515 1489 653 1566 ae'ternae,
676 1489 777 1555 beatae
796 1487 904 1556 Mariae
918 1490 1106 1575 virginitite
1124 1490 1272 1567 fecunda,
1295 1491 1351 1556 hu·

126 1499 208 1668 D
232 1591 330 1656 mino
346 1589 456 1675 generi
474 1589 606 1674 praemia
624 1587 803 1673 praestitisti
817 1607 823 1652 :
837 1587 954 1664 tribue,
967 1608 1175 1673 quaesumus3
1194 1599 1230 1656 ut
1245 1590 1349 1673 ipsam

124 1711 182 1776 pro
203 1691 298 1756 nobis
323 1687 516 1754 intercidere
540 1687 732 1763 sentiamus,
763 1706 820 1771 per
846 1707 946 1770 quam
976 1688 1157 1754 meruimus
1185 1685 1350 1753 auctorem

123 1791 201 1858 vitae
219 1786 383 1872 suscipere
401 1783 581 1852 Dominum
604 1796 751 1852 nostrum
766 1785 877 1866 Jesum
904 1785 1071 1852 Christum
1095 1785 1216 1852 Filium
1239 1794 1348 1851 tuum.

486 2002 554 2078 De
581 2000 763 2077 Sancto
789 2001 989 2098 Joseph.

138 2144 686 2363 &22-
861 2188 1353 2400 ᾖ

337 2458 399 2523 Cce
457 2457 591 2523 fide-lis
610 2476 722 2524 servus
776 2457 807 2521 81
842 2456 995 2542 prudens,
1021 2477 1120 2540 quem
1146 2454 1320 2522 consti-tu·

176 2888 201 2954 it
224 2884 399 2953 Domi-nus
423 2902 531 2968 su-per
562 2880 707 2948 tami-li·
725 2903 776 2948 am
798 2902 853 2949 su·
867 2904 933 2948 am.

168 3033 199 3108 i.
221 3027 331 3096 Gloria
350 3027 379 3092 &
398 3023 522 3090 divitiae
543 3026 575 3090 in
595 3025 695 3090 domo
714 3028 796 3110 ejus.

168 3136 202 3216 tt.
225 3130 262 3194 Et
282 3124 410 3212 justitia
434 3126 504 3210 ejus
528 3132 638 3189 manet
661 3124 694 3188 in
714 3126 871 3190 saecutum
891 3124 1015 3190 saeculi.

301 3267 455 3334 Oremus.
1044 3267 1168 3332 Oratio.

211 3396 279 3453 eus,
315 3377 372 3460 qui
407 3374 563 3440 ineffabili
596 3373 799 3459 providentia
831 3373 962 3439 beatum
986 3374 1105 3458 Joseph
1132 3371 1349 3440 santtissimae

227 3472 402 3542 Genitricis
416 3483 481 3539 tuae
495 3490 654 3557 sponsum
675 3471 793 3556 eligere
813 3471 966 3556 dignitus
984 3491 1020 3537 es
1041 3490 1049 3536 ε
1071 3481 1198 3556 praesta,
1219 3491 1349 3555 quaesu-

124 3592 222 3654 mus;
251 3585 288 3641 ut
316 3593 416 3656 quem
446 3568 659 3657 protectorem
689 3569 882 3636 veneramur
909 3571 941 3633 in
966 3570 1076 3646 terris,
1104 3568 1347 3636 intercessorem

124 3673 236 3740 habere
256 3670 438 3738 mereimur
458 3669 491 3736 in
511 3669 610 3736 caelis.

441 3905 445 3913 .
560 3847 628 3923 De
654 3846 922 3945 Apostolie.

162 4191 238 4378 P
331 4312 424 4378 Etrus
453 4307 671 4394 Apostolus,
742 4307 772 4372 ἃ
803 4308 922 4372 Paulus
954 4303 1075 4371 Doctor
1097 4305 1210 4372 Genti·
1223 4326 1299 4381 um,
