3159 4792
232 228 310 321 [38]
438 226 694 300 Cornrnune
716 222 1003 298 confessoris
1027 221 1268 296 Pontificio.

257 681 365 755 pastor
387 669 484 734 bone
531 667 564 732 in
589 664 757 751 popu-lo,
857 683 926 731 ora
951 684 1009 750 pro
1037 666 1156 731 no-bis
1188 659 1405 729 Domi-num.

379 883 398 928 Ι
477 883 496 926 Ι

568 945 585 996 0

280 1062 559 1127 Euouae

320 1183 382 1246 Pro
396 1180 607 1256 Ductoribus,
624 1180 698 1239 Aio.
716 1181 743 1239 Ο
759 1177 868 1239 Doiior
881 1180 1006 1257 optime.
1023 1184 1058 1237 ut
1070 1180 1157 1255 infra,
1173 1174 1249 1259 [40].

784 1297 912 1359 Oratio.

240 1404 359 1571 Dn,
381 1416 572 1481 quaesurnus
592 1394 802 1480 omnipotens
821 1395 908 1460 Deus
929 1414 937 1459 :
965 1405 1002 1461 ut
1021 1393 1105 1459 beiti
1124 1392 1168 1460 Ν.
1194 1388 1411 1457 Confessoris
1429 1390 1481 1455 tui

348 1507 446 1578 atque
469 1494 634 1561 Pontificis
658 1494 839 1559 venerinda
862 1490 1071 1565 solemnitas,
1093 1487 1353 1556 &devotionem
1379 1490 1482 1555 nobis

236 1596 364 1681 iugeat,
385 1595 415 1659 8ι
434 1594 584 1661 salutem.
608 1593 664 1657 Per
683 1590 877 1657 Dominum.

745 1719 822 1778 Alia
836 1716 964 1779 Oratio.

320 1836 429 1891 xnuor,
460 1834 651 1900 quaesunrus
677 1814 829 1891 Domine,
857 1833 965 1896 preces
986 1824 1128 1889 nostras,
1149 1832 1232 1895 quas
1257 1813 1291 1877 in
1317 1811 1411 1877 beiti
1431 1813 1477 1878 N.

340 1913 541 1982 Coniessoris
559 1914 607 1981 tui
627 1924 725 1998 atque
739 1911 904 1978 Pontificis
923 1911 1132 1977 solemnitite
1145 1908 1323 1977 deferimus
1341 1928 1349 1973 :
1366 1911 1403 1975 ἃ
1418 1910 1479 1993 qui

237 2015 297 2080 tibi
318 2016 417 2100 digne
438 2012 556 2078 meruit
574 2010 735 2086 famuliri,
757 2013 828 2095 ejus
847 2008 1120 2076 intercedentibus
1140 2008 1277 2083 miritis,
1297 2009 1341 2073 ab
1359 2007 1480 2074 ‹imni-

239 2114 301 2180 bus
320 2132 380 2179 nos
399 2109 531 2177 absolve
550 2110 699 2194 peccitis.
722 2109 779 2173 Per
798 2106 992 2174 Dominum.

284 2254 334 2323 Ad
363 2251 652 2340 completorium,
680 2258 771 2318 tonus
797 2252 914 2332 Hymni
934 2255 972 2316 ut
993 2252 1079 2337 infra
1102 2256 1232 2317 notatur
1251 2259 1311 2333 pro
1338 2252 1478 2338 Confes-

240 2374 309 2419 sore
328 2374 391 2419 non
410 2354 574 2438 Pontifice,
597 2348 678 2441 [47].
707 2349 851 2432 Tempore
868 2350 1025 2424 Pascoati,
1045 2354 1083 2414 ut
1099 2354 1228 2416 notatur
1240 2358 1275 2432 p.
1297 2348 1354 2437 46.

619 2529 681 2603 IN
707 2528 760 2602 11.
789 2526 1087 2602 VESPERIS.

284 2692 476 2773 Antiphona.
507 2692 584 2755 Ecce
612 2688 760 2755 sacerdos
791 2706 942 2773 magnus.
967 2708 1039 2753 cum
1065 2690 1194 2773 reliquis
1221 2689 1420 2771 Antipbonis
1445 2696 1478 2757 et

239 2790 375 2855 Psalmis
393 2794 430 2853 ut
446 2789 518 2853 inl.
538 2788 693 2870 Vesperis,
714 2792 769 2854 sed
787 2790 852 2853 loco
872 2787 979 2852 ultimi
996 2808 1007 2853 .·

403 2929 566 2999 Psalmus
586 2928 663 2998 131.
881 2956 935 3012 no,
961 2936 976 2968 *
999 2938 1244 3005 taberniculum
1268 2940 1336 3004 Deo
1356 2941 1471 3021 Jacob.

348 3054 475 3103 onsuro
503 3034 643 3103 Domine
670 3037 784 3111 David,
815 3035 829 3067 *
924 3037 1000 3101 Ecce
1024 3036 1214 3128 audivimus
1236 3057 1307 3102 eom
1330 3038 1365 3102 in
1386 3040 1474 3123 Eph-

365 3138 394 3201 &
427 3136 536 3202 omnis
567 3134 829 3201 mansuetudinis
880 3146 944 3201 rata
957 3153 964 3201 ε
977 3134 1193 3203 *invenimus
1208 3156 1278 3202 earn
1294 3136 1327 3202 in
1344 3139 1474 3222 campis

240 3237 337 3319 ejus:
879 3234 983 3301 silvae.

284 3334 373 3398 Sicut
398 3333 519 3417 jurivit
546 3329 701 3406 Domino,
728 3330 742 3361 *
771 3352 830 3396 vo-
924 3331 1134 3399 Introibimus
1160 3334 1193 3397 in
1222 3336 1469 3401 taberniculum

239 3441 311 3496 turn
333 3430 424 3497 vovit
443 3431 509 3495 Deo
524 3429 646 3511 Jacob:
879 3430 949 3513 ejus
971 3446 978 3493 :
1001 3427 1241 3496 *adoribimus
1262 3428 1294 3495 in
1315 3434 1386 3497 loco
1412 3434 1468 3497 ubi

284 3529 317 3593 Si
339 3526 493 3594 introiero
522 3530 554 3592 in
583 3526 826 3593 taberniculum
879 3524 1039 3593 steterunt
1057 3529 1155 3612 pedes
1174 3531 1255 3613 ejus.

239 3628 360 3692 domus
381 3646 477 3700 meae,
505 3625 519 3657 *
547 3626 574 3691 si
599 3624 773 3691 ascindero
794 3625 827 3689 in
922 3624 1025 3710 Surge
1043 3624 1183 3691 Domine
1202 3625 1235 3689 in
1256 3623 1402 3707 rinuiem
1417 3639 1470 3693 tu·

241 3722 363 3789 leitum
384 3723 473 3789 strati
495 3723 558 3787 mei
583 3740 590 3787 :
879 3742 945 3798 am,
966 3722 981 3754 *
999 3734 1034 3789 tu
1058 3726 1087 3789 81
1110 3742 1178 3787 arca
1202 3722 1469 3792 santiiiicationis

285 3822 317 3887 Si
364 3820 480 3886 dedero
526 3840 681 3887 sornnurn
724 3816 829 3886 oculis
879 3830 956 3887 tuae.

242 3920 336 3994 meis,
359 3918 593 4002 *81pilpebris
610 3918 828 3983 rneisdormi-
924 3916 1108 3985 Sacerdotes
1136 3920 1184 3985 tui
1214 3920 1392 3987 induintur
1417 3925 1469 4007 ju-

242 4015 429 4083 tationem:
880 4017 1002 4085 stitiarn
1026 4036 1033 4082 :
1060 4016 1121 4083 ⁸81
1150 4017 1252 4085 saneti
1281 4021 1330 4085 tui
1358 4021 1468 4086 exstil-

286 4115 323 4180 Et
342 4113 485 4199 requiem
502 4112 704 4197 temporibus
720 4114 802 4179 rneis
819 4132 826 4179 :
880 4126 961 4181 tent.

241 4212 344 4276 donec
376 4210 542 4277 inveniam
578 4210 685 4275 iocum
716 4208 830 4276 Domi·
924 4214 1053 4298 Propter
1068 4214 1172 4279 David
1186 4233 1317 4281 servum
1333 4216 1468 4294 tuurn,t
