3159 4792
471 299 606 370 Festa
626 297 830 381 Augusti.
851 299 897 369 3.
923 300 970 369 4.
993 298 1039 369 5.
1290 295 1368 365 383

172 577 214 672 3.
269 578 324 673 In
358 578 635 675 Inventione
670 578 894 701 Corporis
929 578 977 675 S.
1014 577 1244 699 Stephani

484 747 761 853 Protomertyris
788 748 1025 844 Semidupux.

185 909 270 973 Ano.
292 907 476 993 Stephanus
495 920 617 976 autem.
640 914 695 997 85.
717 912 749 991 i.
770 907 882 977 Gldria
901 910 930 975 dr
951 908 1084 976 honere.

689 1036 817 1099 Oratio.

142 1136 249 1305 Du
270 1134 377 1209 nobis,
399 1153 591 1216 quaesumus
610 1133 761 1212 Demine,
785 1135 904 1202 imitiri
924 1136 1013 1219 quod
1033 1132 1186 1210 celimus,
1208 1144 1245 1201 ut
1264 1132 1369 1200 disce-

252 1251 326 1299 mus
352 1233 381 1297 &
407 1232 560 1300 inimicos
584 1233 718 1318 diligere
745 1253 752 1299 :
779 1234 857 1317 quia
882 1236 952 1316 ejus
976 1231 1200 1299 inventienem
1229 1232 1369 1298 celebre-

141 1350 235 1405 mus,
271 1332 328 1414 qui
364 1332 457 1398 novit
489 1332 587 1397 etiam
626 1353 684 1416 pro
723 1331 983 1417 persecutionibus
1020 1333 1149 1397 exorere
1187 1330 1367 1398 Deminum

140 1441 288 1496 nostrum
304 1429 414 1511 Jesum
434 1431 601 1497 Christum
620 1431 740 1498 Filium
760 1441 868 1498 tuum.
889 1432 954 1510 Qri
970 1443 1077 1498 tecum
1097 1431 1192 1496 vivit.

180 1560 194 1628 ἦ
209 1556 242 1614 Si
253 1555 276 1613 Ι.
292 1556 335 1614 vet
349 1556 383 1614 II.
400 1556 719 1634 Vespcraediccndoesint
731 1558 852 1637 integrae,
867 1558 1074 1635 Antiphonoeut
1086 1562 1181 1634 supra,
1202 1573 1266 1615 100.
1285 1556 1370 1633 Capi·

140 1645 243 1713 titium,
265 1643 313 1704 86.
337 1646 441 1705 Psalmi
456 1651 485 1705 et
504 1647 628 1725 Hymnus
647 1648 680 1704 de
700 1646 848 1705 Communi
863 1649 946 1705 unitus
966 1647 1110 1723 Martyris.
1134 1646 1248 1723 Retr'quo
1271 1650 1305 1703 ut
1326 1646 1368 1702 hic

1 1794 5 1817 ‚
134 1739 291 1811 ponuntur.

183 1840 263 1921 Vesp.
279 1842 456 1921 insequenti,
472 1864 567 1903 comm.
579 1844 697 1922 praeced.

169 2074 212 2170 4.
411 2077 460 2174 S.
496 2078 728 2175 Dominici
761 2075 1074 2170 Confessoris.

532 2238 640 2317 Duplex
653 2239 751 2317 nujus.
776 2238 844 2318 (m.
860 2241 890 2301 t.
905 2237 961 2316 v.)

687 2365 815 2426 Oratio.

142 2463 295 2632 Deus
317 2460 374 2543 qui
395 2458 567 2526 Ecclesiam
588 2472 677 2527 tuam
701 2463 785 2528 beiti
811 2462 975 2529 Dominici
999 2461 1201 2530 Contesseris
1219 2464 1267 2529 tui
1292 2464 1368 2527 iilu-

250 2558 373 2624 minire
395 2559 550 2644 dignitus
569 2580 604 2625 es
629 2559 753 2627 meritis
777 2560 807 2625 n
829 2560 987 2627 doetrinis
1014 2580 1021 2626 :
1047 2560 1207 2642 concede3
1233 2570 1271 2627 ut
1298 2564 1367 2646 ejus

139 2655 366 2725 intercessidne
384 2658 620 2742 temporilibus
640 2678 705 2724 non
725 2660 921 2726 destituitur
935 2659 1080 2737 auxiliis,
1098 2659 1368 2745 &spirituiiibus

136 2774 266 2840 semper
283 2754 431 2841 pronciat
450 2755 671 2823 incrementis.
694 2758 751 2823 Per
770 2757 963 2825 Diminum.

184 2882 305 2947 Corum.
323 2881 358 2948 S.
382 2882 540 2965 Stephani.
561 2883 648 2948 Anu.
665 2882 869 2967 sepelierunt
887 2882 1099 2969 Stephanum.
1122 2888 1177 2968 87.

219 2999 247 3067 t.
264 2996 432 3075 Stephanus
446 2999 522 3057 vidit
536 3001 623 3059 caelos
637 3000 765 3077 apertos.

219 3092 250 3163 oi.
268 3088 347 3147 Vidit
362 3088 387 3147 dr
402 3085 536 3148 introivit
553 3107 560 3147 ε
577 3088 680 3149 beitus
695 3090 797 3157 homo,
815 3090 861 3149 cui
877 3090 939 3149 caeli
954 3090 1104 3167 patebant.

180 3196 287 3255 Oratio.
305 3195 348 3255 Da
362 3196 459 3255 nobis.
476 3202 616 3275 utsupra.

181 3300 211 3358 V
208 3309 261 3380 esp.
278 3304 310 3361 de
322 3304 454 3383 sequenti,
470 3322 565 3362 comm.
576 3306 763 3382 proecmntis.

168 3528 211 3622 5.
372 3529 568 3625 Festum
604 3530 652 3627 S.
690 3531 854 3627 Mariae
889 3533 950 3627 ad
983 3532 1146 3627 Nives.

637 3691 745 3769 Duplex
758 3692 858 3771 majus.

181 3814 298 3881 Omnia
311 3818 393 3881 utin
408 3817 504 3883 Fontis
519 3818 555 3880 Β.
574 3816 620 3881 Μ.
639 3817 681 3883 V.
694 3826 898 3899 perannum,
916 3815 999 3909 [65].
1018 3820 1110 3886 Orat,
1127 3818 1275 3887 Concede
1290 3839 1362 3887 nos.

178 3939 209 3996 In
228 3940 250 3996 I.
271 3941 351 4018 Vesp.
369 3960 464 3999 comm.
482 3941 513 3999 S.
532 3942 678 4000 Dominici.
697 3942 772 4001 Anio.
791 3943 846 4002 Hic
861 3944 916 4002 vir.
936 3940 1010 4025 [47].
1030 3948 1058 4013 pt.
1072 3944 1190 4024 justum
1205 3946 1336 4004 deduxit.

178 4054 258 4134 Vesp.
275 4056 308 4113 de
320 4060 450 4135 sequenti,
467 4077 562 4116 comm.
574 4058 692 4135 proeced.
709 4063 736 4117 et
751 4059 796 4117 Ss.
813 4059 897 4136 Xysti
907 4065 935 4118 et
945 4060 1087 4119 Socibrum
1102 4061 1272 4139 Martyrum.

498 4244 1002 4302 ——r-ffl-p-——n
