3159 4792
206 192 284 263 368
644 188 777 261 Festa
795 190 911 261 rurrr.
934 194 979 263 8.

254 646 349 713 astra,
371 637 502 702 do-cens
519 636 602 715 Quae
621 654 710 700 ve-ra
746 636 814 702 sint
833 637 923 722 regni
956 637 1053 702 bona.
1075 636 1107 705 4.
1134 638 1216 703 Patri
1250 636 1424 723 po-restas,

237 1042 288 1108 Fi·
308 1040 452 1126 li-rique
470 1038 593 1127 ghi-ri-
611 1061 641 1117 a,
689 1042 854 1126 Perpe-tu-
873 1044 996 1127 timque
1029 1045 1139 1111 de-cus
1175 1044 1258 1110 'si-bi
1302 1046 1343 1111 sit
1379 1048 1433 1111 al-

183 1450 186 1456 '
224 1470 277 1514 me
296 1392 483 1533 Spi-ri-tus.
533 1448 666 1514 A-men.

296 1577 327 1654 l.
350 1574 413 1640 Ora
434 1593 492 1657 pro
513 1574 608 1641 nobis
627 1574 718 1640 berita
738 1572 913 1640 Elisabeth.

296 1677 330 1759 rt.
354 1673 398 1739 Ut
415 1673 508 1757 digni
529 1672 709 1739 efficiahnur
728 1670 1005 1757 promissirinibus
1023 1672 1155 1739 Christi.

571 1816 625 1879 Ad
639 1817 844 1893 Magnificat,
860 1817 1066 1893 Antiphona.

410 2215 544 2281 Tnunc
563 2234 667 2300 re-ges
744 2214 983 2299 intel-li-gi-te,
1030 2214 1246 2282 eru-dimihi
1267 2216 1325 2299 qui
1359 2216 1416 2300 ju-

204 2299 1443 2559 Q

232 2597 383 2664 dici-tis
402 2606 528 2663 terram.
564 2598 630 2663 Eu
660 2617 680 2662 0
708 2616 728 2664 u
757 2617 776 2661 a
803 2617 833 2663 e.

756 2721 885 2783 Oratio.

210 2823 510 2997 Cremehrrssrrre
530 2822 628 2895 Deus,
646 2820 703 2902 qui
724 2820 851 2885 beiram
867 2818 1030 2886 Elisabeth
1047 2819 1204 2905 reginam,
1223 2820 1304 2885 inter
1318 2817 1444 2887 citeras

308 2918 454 3005 egregias
472 2920 577 2991 dotes,
600 2916 708 2983 bellici
729 2916 847 2984 turriris
865 2917 998 2985 sedandi
1020 2916 1231 3003 praerogativa
1250 2918 1406 2985 decorasti
1429 2937 1438 2984 ε

205 3021 246 3085 da
267 3018 362 3084 nobis
387 3020 457 3100 ejus
482 3014 723 3092 intercessirine,
749 3026 824 3101 post
849 3017 997 3083 mortailis
1016 3015 1106 3091 vitae,
1129 3035 1228 3099 quam
1248 3015 1444 3100 suppliciter

206 3115 359 3203 petimus,
382 3134 505 3199 pacem,
527 3116 567 3181 ad
586 3114 704 3181 aetirna
723 3116 841 3199 giudia
860 3113 1039 3198 pervenire.
1061 3117 1118 3181 Per
1136 3114 1329 3182 Diminum.

646 3285 695 3359 In
721 3283 752 3359 1.
774 3282 992 3381 Vesperis.

254 3441 370 3508 Omnia
388 3440 477 3508 utin
497 3440 521 3504 I.
546 3439 700 3521 Vesperis.

297 3568 329 3646 r.
351 3566 415 3632 Ora
435 3585 493 3650 pro
510 3565 606 3631 nobis
625 3564 717 3631 beita
737 3563 913 3631 Elisabeth.

297 3669 332 3751 rt.
354 3665 398 3730 Ut
417 3664 510 3750 digni
531 3662 712 3729 efficitmur
730 3661 1006 3746 promissirinibus
1025 3662 1157 3729 Christi.

573 3798 627 3859 Ad
641 3798 848 3876 Magnificat,
863 3799 1070 3875 Antiphone.

418 4250 434 4261 -
457 4211 619 4279 lisa-beth
639 4212 742 4297 pa-cis
774 4214 804 4278 81
828 4210 924 4297 paitri-
938 4230 966 4277 ae
986 4221 1119 4289 ma-ter,
1174 4212 1208 4277 in
1233 4212 1330 4277 cae-lo
1354 4210 1411 4276 tri-
