3159 4792
373 305 558 377 Litaniae
578 309 635 378 de
656 307 869 379 omnibus
890 307 1082 381 Sanctis.
1238 307 1342 408 [209]

103 741 144 826 πᾷ.
168 738 232 804 Sed
256 737 378 806 li·bera
403 761 463 808 nos
495 745 647 812 arna-lo.

617 898 778 959 Psalmus
791 899 842 974 69.

149 1019 1345 1365 DQ

313 1302 351 1367 E·
365 1320 404 1367 us
436 1303 470 1368 in
494 1302 676 1389 adjutu-ri-
691 1324 747 1370 um
771 1325 838 1370 me·
854 1325 911 1372 um
932 1304 1064 1372 inte'nde
1086 1326 1094 1372 :
1118 1307 1303 1374 *Demi-ne

104 1460 350 1588 &a
1126 1517 1342 1529 ...-.,.

155 1711 195 1776 ad
221 1711 455 1795 adju-vandum
477 1732 528 1777 me
567 1711 707 1779 festi-na.

156 1863 445 1930 Confundantur&
460 1865 702 1942 revereantun*
751 1876 825 1932 cant
849 1886 1006 1951 semper:
1030 1867 1253 1953 Magnificetur
1277 1868 1342 1935 θό-

107 1962 169 2045 qui
189 1963 504 2044 querunranimam
526 1985 644 2030 meam.
753 1966 864 2031 minus
895 1984 902 2030 ε
935 1967 992 2048 qui
1026 1965 1172 2053 diligunt
1203 1968 1341 2034 salutare

155 2079 352 2145 Avertantur
370 2077 559 2156 retrusum,
581 2081 611 2145 8ι
630 2101 701 2147 eru-
751 2073 859 2130 tuum.

107 2175 348 2260 bescant,*qui
364 2179 482 2245 volunt
497 2180 579 2245 mihi
601 2181 697 2244 mala.
796 2180 862 2264 Ego
895 2200 971 2245 vero
1004 2179 1127 2265 ege'nus
1159 2181 1188 2245 &
1221 2201 1341 2266 pauper

155 2293 350 2361 Avertantur
373 2294 484 2361 statim
509 2294 701 2363 erubescen-
751 2297 826 2344 81¹¹ss
849 2296 856 2342 ³
878 2277 892 2310 ¹⁸
912 2280 997 2345 Deus
1016 2279 1133 2360 adjuva
1153 2301 1217 2344 me·

107 2404 176 2469 tes,
208 2392 221 2422 *
248 2394 305 2476 qui
335 2393 449 2459 dicunt
483 2395 582 2470 mihi,
614 2395 701 2480 Euge
796 2392 1339 2479 Adjutormeus&liberatormeus

110 2511 205 2576 euge.
750 2503 839 2558 estu
863 2511 869 2556 :
893 2491 1066 2559 *numine
1087 2513 1126 2559 ne
1146 2493 1293 2559 moreris

154 2607 323 2673 Exsultent
356 2608 385 2673 u
419 2606 569 2674 laetentur
602 2609 635 2674 in
669 2618 700 2674 te
795 2606 905 2674 Glr'rria
925 2609 1020 2674 Patri.

107 2725 224 2774 omnes
243 2706 300 2788 qui
320 2715 473 2788 quaerunt
491 2716 547 2772 te:
570 2706 631 2773 *ἃ
651 2707 701 2772 di·
795 2707 885 2773 Sicut
904 2717 981 2772 erat.

198 2851 229 2929 p.
251 2849 365 2917 Salvos
383 2850 432 2915 fac
451 2869 562 2916 servos
583 2860 668 2917 tuos.

197 2952 232 3035 re.
256 2948 342 3014 Deus
362 2967 455 3014 meus
474 2948 638 3032 sperantes
659 2950 692 3014 in
712 2959 754 3015 te.

197 3067 228 3144 p.
251 3065 326 3130 Esto
346 3065 442 3130 nobis
462 3062 601 3130 Dbmine
620 3067 717 3132 turris
735 3066 950 3133 fortitudinis.

199 3167 234 3251 p.
257 3164 285 3228 Α
304 3163 382 3228 facie
402 3162 541 3228 inimici.

197 3284 228 3359 Ῡ.
250 3280 340 3345 Nihil
361 3279 509 3364 proficiat
529 3279 684 3347 inimicus
705 3282 737 3346 in
754 3281 861 3347 nobis.
1015 3355 1017 3358 ,

199 3383 233 3466 151.
256 3380 293 3444 Et
311 3377 403 3444 frlius
422 3379 605 3462 iniquitatis
625 3399 691 3445 non
710 3377 852 3463 appbnat
872 3378 984 3445 nocere
1005 3381 1112 3445 nobis.

198 3499 229 3574 a.
251 3492 393 3560 Dumine
413 3515 478 3561 non
498 3492 678 3562 secundum
700 3495 827 3580 peccata
848 3506 956 3563 nostra
976 3496 1073 3562 facias
1094 3497 1200 3563 nobis.

199 3598 233 3681 πᾷ.
255 3595 368 3677 Neque
386 3595 567 3661 secundum
590 3593 779 3678 iniquitates
800 3606 925 3661 nostras
945 3594 1101 3661 retribuas
1120 3595 1227 3661 nobis.

198 3713 229 3791 r.
252 3709 393 3777 Oremus
413 3731 470 3796 pro
490 3711 644 3777 Pontifice
664 3725 776 3778 nostro
796 3715 837 3778 N.

198 3814 233 3897 ru.
256 3807 418 3875 Dr'rminus
437 3810 606 3875 conservet
624 3830 714 3887 eum,
736 3810 765 3874 &
784 3810 929 3877 vivificet
944 3830 1032 3886 eum,
1050 3811 1079 3875 &
1096 3810 1227 3877 beatum
1242 3809 1337 3874 faciat

288 3927 363 3972 eum
385 3908 530 3980 interra,
552 3909 581 3972 81
602 3927 667 3973 non
687 3909 789 3974 tradat
809 3929 884 3974 eum
906 3909 1104 3975 inanimam
1126 3905 1333 3974 inimicbrum

288 4007 369 4090 ejus.

200 4124 232 4199 Ῡ.
253 4119 394 4187 Oremus
414 4142 471 4205 pro
490 4119 750 4188 benerauuribus
770 4124 901 4188 nostris.

201 4224 236 4306 rel.
258 4220 446 4286 Retribuere
469 4220 603 4306 dignare
628 4218 768 4286 Dumine
790 4219 947 4286 bmnibus
967 4222 1063 4286 nobis
1089 4221 1173 4286 bona
1192 4219 1337 4285 facienti-

290 4318 353 4383 bus
372 4328 502 4403 propter
523 4337 643 4383 nomen
663 4329 757 4385 tuum
778 4319 878 4384 vitam
898 4317 1063 4384 aeternam.
1086 4320 1205 4384 Amen.

193 4453 228 4510 V.
245 4451 279 4510 R.
1228 4453 1256 4515 0
