3159 4792
539 270 698 362 [88]
1189 268 1616 343 Officium
1668 268 1898 341 Defu
1912 273 2356 341 notorum.

864 418 999 476 Pro
1028 426 1220 493 patre
1247 426 1316 477 et
1344 425 1585 477 matre.
2414 416 2677 477 Oratio,

547 527 854 693 Deus,
898 523 1012 605 qui
1056 541 1177 588 nos
1224 533 1468 606 patrem
1520 523 1580 587 8ι
1632 533 1903 587 matrem
1955 522 2267 588 honorare
2316 521 2683 606 praecepisti
2740 542 2755 586 ε
2820 526 3000 589 mise-

757 620 885 685 τότε
914 620 1267 686 clementer
1293 621 1639 688 animabus
1669 622 1866 705 patris
1894 621 1954 685 8ι
1988 621 2211 687 matris
2244 640 2428 697 rneae,
2464 622 2846 705 eorumque
2879 643 3004 705 pec-

540 718 677 785 cata
727 717 1024 799 dimitte3
1082 738 1317 802 meque
1366 738 1479 786 eos
1527 720 1593 783 in
1641 718 1894 785 aete'trnae
1940 719 2250 786 claritatis
2296 719 2539 805 gaudio
2602 721 2704 785 fac
2760 720 2997 785 vidam

541 819 652 883 Per
691 814 1050 884 Dbminurn
1087 828 1410 884 nostrum.

630 942 708 1009 Si
748 945 833 1024 fit
865 951 987 1026 pro
1023 945 1347 1025 pluribus,
1390 946 1641 1010 dicatur
1687 944 2033 1010 animabus
2078 941 2422 1028 parentum
2475 942 2910 1020 nostrdrum,
2955 965 3002 1011 er

539 1042 649 1107 ubi
681 1042 914 1108 dicitur
953 1061 1212 1126 meque,
1254 1043 1503 1109 dicatur
1543 1060 1815 1126 nosque.

631 1168 705 1233 Si
729 1176 850 1249 pro
879 1172 1064 1250 patre
1102 1172 1369 1244 tantum,
1411 1169 1663 1233 dicatur
1698 1168 1937 1233 animae
1974 1168 2173 1251 patris
2213 1168 2367 1244 mei,
2410 1171 2514 1234 vel
2550 1170 2793 1235 nostri.

629 1293 704 1358 Si
728 1301 849 1376 pro
886 1299 1084 1360 matre
1123 1299 1390 1370 tantum,
1431 1295 1683 1359 dicatur
1717 1293 1957 1359 animae
1997 1294 2222 1359 matris
2261 1314 2444 1370 meae,
2487 1297 2593 1360 vel
2628 1306 2911 1361 nostrae.

858 1440 994 1499 Pro
1021 1457 1158 1500 uno
1186 1440 1548 1500 Defuncto.
2410 1440 2670 1502 Oratio.

541 1548 857 1717 INCMNA
897 1543 1175 1611 Dbmine
1217 1565 1436 1611 aurern
1488 1556 1667 1612 tuam
1719 1547 1798 1611 ad
1846 1564 2062 1629 preces
2112 1556 2385 1623 nostras,
2436 1547 2690 1630 quibus
2750 1549 2997 1613 miseri-

688 1642 971 1709 c6rdiarn
1048 1655 1226 1711 tuam
1296 1644 1626 1730 supplices
1690 1644 2109 1728 deprecamur
2179 1663 2194 1709 :
2267 1656 2340 1710 ut
2402 1645 2700 1710 animam
2775 1647 2994 1713 famuli

534 1742 629 1807 tui
670 1742 785 1818 Ν.,
828 1761 1027 1825 quarn
1067 1745 1149 1809 de
1189 1745 1310 1809 hoc
1347 1745 1587 1810 saeculo
1619 1742 1893 1827 migrare
1924 1741 2205 1827 jussisti,
2252 1743 2316 1808 in
2358 1744 2533 1827 pacis
2570 1764 2643 1809 ac
2689 1746 2871 1812 lucis
2919 1768 2995 1811 re-

532 1837 729 1925 gi6ne
765 1840 1149 1920 constituas,
1183 1843 1243 1907 8ι
1281 1839 1651 1908 sanctinum
1693 1840 1957 1907 tubrum
1990 1840 2222 1927 jubeas
2258 1860 2398 1908 esse
2436 1841 2855 1910 consbrtem.
2900 1847 2994 1910 Pe:

536 1935 920 2005 Ddrninum.

855 2084 1156 2148 Pro'una
1184 2086 1545 2146 Defuncta.
2407 2085 2671 2148 Oratio.

540 2173 1066 2405 Quaesumus:
1079 2191 1383 2269 Dbmine,
1457 2212 1572 2278 pro
1619 2203 1729 2259 tua
1782 2192 2018 2276 pietate
2084 2189 2388 2257 miserere
2433 2192 2681 2259 animae
2746 2197 2993 2261 famula

760 2301 888 2358 tuae
925 2293 996 2361 N
1102 2293 1162 2357 8ι
1199 2312 1233 2355 a
1270 2292 1593 2376 contagiis
1633 2291 2047 2358 mortalitatis
2074 2285 2365 2392 exutam,
2402 2291 2469 2355 in
2498 2291 2777 2360 aeternae
2807 2296 2996 2362 salva-

532 2385 735 2455 ti6nis
773 2402 1016 2474 partem
1062 2389 1348 2457 restitue.
1393 2390 1507 2455 Per
1544 2388 1929 2456 Ddrninurn.
