3159 4792
813 277 1056 350 Infra
1098 278 1543 352 Octavam
1588 281 2190 352 Ascensionis.
2574 282 2726 351 185

353 425 619 489 Duobus
667 424 1060 509 sequentibus
1114 426 1330 491 diebus
1379 424 1666 509 Officium
1698 427 1793 512 fit
1832 427 1995 492 sicut
2040 427 2212 510 infra
2263 425 2561 492 Octavam
2606 429 2730 493 As-

261 523 598 597 censionis,
639 524 905 604 exceptis
944 524 1002 588 C
1003 524 1245 606 apitulo
1280 529 1345 589 et
1373 524 1740 606 Antiphona
1766 529 1854 590 ad
1877 525 2277 609 Magnificat,
2310 529 2374 589 et
2400 524 2724 601 Oratione,

259 641 404 706 quae
450 621 754 686 dicuntur
788 625 866 686 de
901 622 1236 687 Dominica
1274 624 1442 707 infla
1486 621 1786 688 Octavam
1822 624 2246 697 Ascensionis,
2289 628 2365 688 ut
2395 631 2608 705 supra.
2655 625 2738 689 Et

264 740 395 786 non
430 721 735 785 dicuntur
771 720 991 785 Preces
1026 724 1115 786 ad
1151 722 1209 786 C
1210 721 1661 803 ompletorium.
1695 721 1859 806 (Nec
1872 723 1968 807 fit
1986 723 2477 787 commemoratio
2505 727 2582 787 de
2606 724 2733 788 As-

263 820 575 893 censione,
622 838 814 903 neque
849 822 926 884 de
965 820 1235 906 Cruce.)

356 943 435 1009 Si
487 964 636 1009 vero
687 943 873 1009 Feria
922 945 989 1010 V
985 945 1032 1009 Ι.
1085 949 1377 1010 occurrat
1428 946 1677 1011 Festum
1732 947 1820 1011 IX
1873 946 2245 1019 Lectionum,
2281 946 2376 1031 fit
2423 949 2500 1010 de
2554 945 2731 1011 Festo

263 1063 409 1107 cum
435 1044 1007 1108 commemoratione
1048 1041 1254 1126 Officii
1285 1047 1555 1129 ejusdem
1593 1044 1740 1118 diei,
1784 1044 1913 1108 nisi
1946 1045 2110 1110 illud
2146 1043 2390 1109 Festum
2405 1045 2618 1129 fuerit
2653 1065 2732 1109 ex

263 1142 768 1206 solemnioribus.

811 1337 1153 1414 Sabbata
1193 1337 1273 1412 in
1314 1337 1599 1435 vigilia
1638 1339 2184 1414 Pentecoste&

348 1544 407 1601 A
433 1544 681 1602 Sabbato
718 1546 776 1602 in
821 1544 881 1601 V
875 1546 1028 1624 igilia
1066 1545 1402 1603 Pentecostes
1440 1563 1610 1623 usque
1635 1547 1711 1604 ad
1737 1546 1951 1603 Festum
1982 1544 2069 1603 Ss.
2118 1544 2404 1603 Trinitatis
2440 1545 2699 1604 inclusive
2713 1591 2726 1614 ,

261 1635 316 1691 si
348 1638 608 1691 occurrat
635 1633 854 1690 Festum
883 1633 1099 1712 Duplex
1126 1654 1192 1692 ex
1221 1636 1514 1712 majoribus
1541 1636 1629 1692 vel
1653 1635 1886 1713 alicujus
1915 1635 2158 1694 Dolioris
2179 1635 2449 1702 Ecclesiae,
2474 1638 2734 1710 transfer-

266 1729 366 1781 tur
374 1728 505 1800 post
522 1723 848 1801 praediHum
877 1710 1090 1780 Festum
1132 1723 1438 1782 Trinitatis.
1474 1725 1557 1782 De
1584 1725 1707 1782 aliis
1733 1743 1859 1781 vero
1888 1724 2209 1801 Duplicibus
2237 1727 2292 1780 et
2320 1724 2385 1781 de
2412 1724 2733 1802 Semidupli-

259 1814 413 1870 cibus
425 1813 509 1887 fit
537 1817 764 1870 tantum
794 1831 1141 1871 commemora
1149 1814 1244 1882 tio,
1279 1819 1499 1892 excepto
1529 1813 1712 1872 triduo
1742 1813 2100 1871 Pentecostes.
