3159 4792
435 299 560 369 Feria
580 301 629 371 V.
653 301 694 367 in
717 299 861 372 Coena
884 301 1073 372 Domini.
1290 306 1362 374 151

689 445 817 506 Oratio.

223 568 340 627 Esrlcss,
367 570 557 633 quaesumus
581 549 738 626 Domine,
766 570 863 634 super
887 552 969 618 hanc
993 553 1151 619 familiam
1176 564 1266 621 tuam
1277 577 1293 633 ‚·
1306 576 1364 640 pro

240 668 306 731 qua
332 647 493 716 Dominus
518 657 626 715 noster
644 650 736 730 Jesus
759 649 909 715 Christus
933 669 999 715 non
1022 652 1187 719 dubitivit
1211 654 1365 722 minibus

134 747 216 812 tradi
238 745 440 822 nocentium,
462 746 491 810 81
511 747 614 814 crucis
634 745 743 813 subire
762 745 976 813 tormintum.
998 749 1063 828 Qui
1084 760 1192 816 tecum
1212 752 1305 818 vivit.

179 898 275 957 Tribus
287 899 460 976 sequentibus
473 900 576 968 diebus,
591 901 661 957 detto
674 905 774 957 secreto
789 898 873 958 Pater
888 906 989 960 noster
1002 905 1030 960 et
1043 902 1107 960 Ave
1122 901 1224 962 Maria.
1239 905 1365 963 omnibus

131 989 194 1046 alir's
202 989 403 1066 praetermissit,
420 989 542 1046 absolute
555 989 686 1066 incipitur
701 989 829 1066 Officium
842 989 880 1047 ad
895 989 925 1046 V
923 995 1035 1068 asperos,
1051 992 1087 1048 ab
1105 990 1266 1070 Antipbona
1278 995 1367 1073 primi

133 1077 241 1134 Psalmi
253 1099 263 1136 .·
278 1083 307 1136 et
320 1074 487 1155 Antipbonae
500 1077 678 1154 duplicantur
691 1079 764 1134 sieut
777 1078 807 1134 in
822 1077 899 1136 Festo
912 1077 1033 1156 Duplici.

172 1185 204 1244 Iu
210 1185 272 1261 fine
286 1183 458 1242 Psalmorurn
471 1203 526 1241 non
540 1183 643 1242 dicitur
657 1183 757 1242 Gloria
772 1183 860 1242 Patri.
872 1191 924 1262 per
936 1203 1026 1243 omnes
1040 1186 1139 1246 Horas.

331 1472 468 1567 Feria
502 1472 755 1610 111111111ιί11
790 1473 934 1570 Coena
967 1475 1164 1571 Domini.

587 1684 654 1761 Ad
673 1684 904 1781 Vesperas.

174 1827 331 1910 Vespera,
353 1829 433 1894 ditio
450 1833 565 1894 secreto
584 1828 673 1895 Pater
692 1839 813 1905 noster,
836 1831 906 1896 Ave
930 1829 1040 1896 Maria.
1065 1832 1251 1898 inchoantur
1273 1836 1362 1900 abso

127 1930 194 1992 lule
212 1945 233 1991 a
248 1928 354 2007 prima
372 1927 553 2006 Antiphone
572 1927 637 1992 sine
655 1932 762 1993 cantu.

171 2052 261 2116 Aria.
282 2051 425 2117 Cilicem
446 2051 594 2117 saluttris
613 2050 781 2136 accipiam,
803 2052 834 2116 81
854 2071 975 2118 nomen
996 2051 1130 2119 Domini
1151 2055 1322 2124 invocibo.

217 2169 272 2233 Ps.
298 2187 371 2252 115.
393 2167 534 2245 Crddidi,
556 2178 685 2253 propter
704 2169 794 2251 quod
815 2169 945 2236 loetitus
963 2188 1049 2236 sum.
1072 2173 1104 2236 8.

170 2285 260 2349 Aria.
283 2285 366 2350 Cum
388 2284 440 2350 his
458 2285 515 2368 qui
536 2284 674 2351 ode'runt
693 2305 818 2368 pacem,
840 2306 927 2351 eram
947 2285 1100 2370 pacificus
1121 2305 1128 2350 :
1150 2288 1229 2353 dum
1252 2289 1361 2373 loqui-

124 2383 186 2447 bar
207 2383 288 2458 illis,
312 2383 551 2468 impugnibant
570 2403 622 2448 me
636 2383 748 2468 gratis.

217 2499 273 2564 Ps.
299 2517 372 2582 119.
395 2499 448 2564 Ad
466 2496 646 2565 Dominum
666 2519 741 2565 cum
761 2498 929 2565 tribultrer
947 2500 1098 2566 ciamivi.
1120 2521 1152 2588 9.

170 2616 260 2680 Aria.
282 2615 334 2680 Ab
354 2613 547 2682 hominibus
567 2613 691 2699 iniquis
711 2613 810 2680 libera
830 2636 882 2680 me
903 2614 1054 2683 Domine.

216 2733 273 2797 Ps.
299 2749 372 2815 139·
395 2731 487 2814 Eripe
507 2750 560 2796 me
579 2728 720 2796 Domine
738 2731 779 2795 ab
799 2729 933 2798 homine
952 2733 1052 2798 malo.
1076 2735 1129 2798 28.

170 2849 260 2913 Aria.
281 2844 418 2914 Custodi
440 2867 491 2912 me
509 2867 528 2912 a
548 2846 664 2930 liqueo
683 2866 783 2930 quem
804 2847 985 2915 statuitunt
1005 2848 1098 2925 mihi,
1115 2848 1145 2912 81
1163 2869 1182 2914 a
1200 2838 1359 2916 scindalis

123 2945 334 3029 operintium
356 2945 576 3028 iniquitdtem.
977 2970 980 2976 ·

216 3064 271 3128 Ps.
297 3080 371 3146 140.
395 3058 534 3128 Domine
553 3061 691 3127 clamivi
711 3062 751 3126 ad
770 3071 814 3138 te,
836 3063 952 3129 exdudi
972 3082 1037 3128 me.
1060 3083 1115 3150 29.

168 3179 260 3243 Aria.
280 3177 533 3243 Consideribam
553 3178 595 3243 ad
618 3175 800 3254 dexteram,
822 3178 852 3241 81
871 3176 1039 3255 videbam,
1060 3179 1090 3244 81
1117 3197 1184 3245 non
1208 3190 1273 3246 erat
1297 3182 1356 3265 qui

122 3273 337 3362 cognosceret
356 3295 419 3340 me.

215 3391 271 3456 Ps.
297 3410 370 3474 141.
393 3392 481 3457 Voce
503 3411 573 3456 mea
592 3391 631 3456 ad
652 3389 832 3458 Dominum
852 3392 1004 3458 clamivi.
1027 3412 1081 3479 29.

166 3515 342 3594 Capitulum,
360 3516 485 3596 Hymnus
499 3516 525 3573 rt
540 3521 568 3586 1.
586 3534 640 3573 non
654 3517 785 3575 dicuntur
798 3517 828 3575 in
842 3518 891 3575 hoc
906 3517 1007 3575 triduo.

168 3634 228 3698 Ad
246 3633 443 3718 Magnificat
459 3632 652 3714 Antiphone.
668 3631 887 3698 Coenintibus
904 3644 1014 3699 autem
1036 3632 1115 3708 iilis,
1130 3630 1355 3716 accipitJesus

123 3749 261 3815 panem,
283 3731 311 3796 8
331 3729 510 3804 benedixit,
532 3749 567 3795 ac
587 3729 693 3815 tregit,
715 3728 871 3812 deditque
889 3729 1062 3814 discipulis
1081 3731 1163 3795 suis.

168 3856 312 3939 Repetite
330 3856 514 3938 Antiphone
527 3858 601 3936 post
617 3855 816 3940 Magnifica,
837 3854 954 3920 dicitur
973 3855 1005 3932 1.
1026 3853 1175 3921 Christus
1189 3852 1292 3922 nous
1306 3865 1356 3922 est

122 3973 185 4038 pro
205 3953 301 4020 nobis
319 3953 476 4020 obediens
499 3954 662 4035 usquead
683 3962 835 4018 mortem.

169 4079 315 4145 Secunda
333 4081 420 4145 nodie
437 4079 567 4144 additur
587 4097 598 4143 .·
619 4079 757 4143 Mortem
777 4086 886 4142 autem
907 4077 1022 4143 crucis.
1050 4075 1153 4144 Tertia
1166 4079 1251 4143 notit
1264 4076 1355 4141 addi-

124 4182 181 4242 tur
207 4197 219 4240 .·
243 4176 373 4260 Propter
401 4175 490 4260 quod
513 4176 543 4240 81
567 4175 655 4242 Deus
678 4175 831 4241 exaltivit
855 4175 969 4251 illum,
990 4175 1019 4239 81
1043 4175 1134 4239 dedit
1157 4174 1206 4239 ilii
1233 4191 1354 4238 nomen

123 4274 217 4356 quod
237 4283 287 4340 est
305 4292 402 4358 super
420 4292 519 4339 omne
540 4291 672 4339 nomen.
