3159 4792
219 279 300 349 404
600 279 732 351 Festa
753 280 955 362 Augusti.
978 281 1059 351 29.

218 399 1578 682 ff

273 715 306 779 in
331 713 571 780 monumento.
631 715 652 779 E
682 733 702 780 u
731 734 751 779 ο
780 732 802 779 u
830 734 848 777 a
876 735 905 779 e

770 838 899 901 Oratio.

289 954 380 1003 nucu
395 937 530 1020 Joannis
549 936 698 1021 Baptistae
718 935 926 1003 Praecursons
945 936 974 1001 81
998 936 1148 1022 Martyris
1170 935 1233 1011 tui,
1256 954 1448 1019 quesumus

311 1034 451 1103 Dimine
474 1054 481 1100 :
502 1036 683 1101 venerenda
702 1035 878 1111 festivitas,
901 1035 1051 1101 saiutiris
1069 1034 1184 1101 auxilii
1205 1034 1301 1101 nobis
1319 1043 1448 1119 praestet

219 1132 383 1201 effitium.
404 1134 470 1211 Qui
495 1134 581 1200 vivis
605 1135 634 1198 δι
659 1154 773 1220 regnas
797 1154 872 1199 cum
899 1134 966 1199 Deo
989 1135 1079 1199 Patre
1104 1134 1136 1197 in
1156 1133 1285 1199 unitite
1307 1131 1448 1217 Spiritus

220 1231 329 1299 Sancti
351 1234 448 1298 Deus.

261 1356 365 1415 Conun.
384 1358 414 1415 S.
434 1357 594 1435 Augustini.
613 1357 687 1415 sina.
705 1356 731 1415 Ο
746 1354 865 1415 ῡοέὶοῑ.
878 1353 953 1438 [4ο].
967 1357 1119 1436 mustum
1135 1355 1266 1414 dedtixit.
1280 1357 1362 1413 Orat.
1375 1371 1445 1429 401.

261 1465 357 1524 Postea
372 1464 402 1526 S.
419 1462 549 1525 Sabinae
565 1464 708 1541 Martyris.
727 1465 802 1522 Aua.
820 1462 921 1523 Simile
935 1471 990 1523 est.
1008 1461 1083 1544 [561.
1102 1466 1130 1533 i.
1147 1462 1250 1540 Specie
1263 1471 1324 1522 tua.

770 1581 899 1643 Oratio.

222 1684 382 1849 Deve,
376 1680 461 1762 ‚qui
487 1681 571 1745 inter
593 1678 694 1745 cetera
719 1678 874 1762 potentie
897 1688 961 1746 tuae
986 1679 1155 1755 miricuia,
1176 1677 1275 1743 etiam
1306 1679 1338 1743 in
1367 1698 1446 1744 sexu

331 1776 436 1862 fragili
457 1774 626 1842 victeriam
654 1777 798 1862 martyrii
823 1775 1020 1844 contulisti.
1044 1774 1184 1842 concede
1207 1774 1389 1860 propitius;
1411 1785 1448 1841 ut

219 1876 275 1957 qui
298 1875 371 1940 beit
358 1885 399 1941 tae
418 1874 545 1939 Sabinae
569 1874 719 1961 Mirtyris
742 1886 807 1940 tuae
832 1874 978 1941 natalitia
1001 1873 1159 1951 citimus,
1181 1894 1237 1959 per
1260 1876 1330 2001 ejvus
1353 1874 1393 1939 ad
1416 1883 1448 1939 te

220 1970 370 2057 exempla
389 1972 586 2058 gradiimur.
609 1973 666 2038 Per
685 1970 879 2040 Diminum.

650 2160 698 2234 In
725 2159 777 2234 11.
807 2159 1024 2257 vesperis.

263 2331 451 2412 Antiphone
464 2332 548 2396 utin
562 2332 585 2396 i.
604 2332 760 2413 Vesperis.
778 2333 900 2397 Psalmi
916 2336 955 2397 ut
966 2333 1001 2397 in
1014 2332 1051 2397 li.
1067 2331 1211 2415 Vesperis
1224 2335 1264 2397 de
1279 2332 1450 2398 Communi

220 2430 315 2495 unius
334 2430 499 2510 Martyris.

266 2555 450 2636 Capitulum
469 2560 500 2619 et
517 2556 658 2636 Hymnus
676 2558 715 2621 de
735 2555 915 2629 Communi,
931 2552 1013 2644 [131.

309 2681 341 2757 i.
359 2678 472 2759 iustus
491 2690 528 2745 ut
547 2681 655 2763 palma
673 2678 813 2745 florebit.

310 2778 344 2865 fi.
367 2778 457 2844 Sicut
474 2778 588 2844 cedrus
607 2777 719 2843 Libani
740 2777 1023 2861 multipiicibitur.

586 2929 640 2990 Ad
654 2930 860 3006 magnificat,
876 2930 1081 3007 Antiphone.

430 3335 504 3401 i-sit
528 3354 582 3400 rex
625 3334 772 3401 incredu-
779 3338 831 3401 ius
861 3337 919 3400 mi·
921 3335 1041 3401 nistros
1060 3335 1224 3401 de-te-sta
1224 3336 1274 3400 b1
1276 3338 1334 3411 ies,
1382 3338 1411 3401 δι

218 3209 1479 3687 wffl·

268 3742 460 3825 amputari
498 3743 569 3825 jus·
587 3743 630 3807 sit
729 3754 825 3827 caput
844 3743 921 3824 Jo-
910 3761 1005 3809 annis
1024 3742 1186 3827 Baptistae.

217 3882 1450 4091 Q

263 4146 535 4212 Euouae

259 4279 363 4336 Comm.
380 4282 514 4357 sequentis
528 4286 556 4341 et
569 4280 613 4338 Ss.
633 4280 726 4339 Felicis
740 4286 768 4341 ei
783 4281 902 4342 Anauni
914 4280 1082 4359 Martyrum.
