3159 4792
415 296 541 370 Feria
559 297 700 370 Sexta
718 300 777 371 ad
799 300 1040 384 vesperas.

272 441 437 512 Psalmus
461 443 539 514 140.

202 569 304 618 omme
323 551 462 618 ciamivi
482 553 522 618 ad
541 562 584 628 te,
606 553 703 620 exiu-

222 648 703 718 ffimssfflmm

117 768 209 824 meae,
230 769 307 816 cum
325 747 508 816 clamivero
526 752 566 815 ad
584 759 628 816 te.

160 865 326 952 Dirigitur
344 864 446 930 oritio
466 887 537 931 mea
555 867 640 934 sicut
655 867 703 932 in-

113 961 252 1030 censum
272 965 306 1028 in
320 961 495 1048 conspiiiu
511 973 569 1030 tuo
586 983 593 1030 :
612 964 704 1031 *ele-

113 1063 203 1128 vitio
223 1061 382 1130 minuum
411 1063 556 1129 meirum
583 1063 703 1130 sacrifi-

112 1161 203 1226 cium
224 1159 458 1245 vespertinum.

158 1277 247 1342 Pone
275 1275 415 1343 Dcimine
442 1275 623 1345 custbdiam
655 1279 701 1345 ori

114 1392 220 1440 meo:
246 1373 261 1405 '¹
285 1376 314 1441 8ι
340 1374 464 1443 <istium
490 1377 702 1444 circumstin·

111 1474 168 1538 tiae
190 1473 286 1540 iibiis
305 1474 400 1541 meis.

157 1590 233 1656 Non
248 1588 391 1658 declines
400 1611 454 1658 cor
465 1610 574 1658 meum
588 1593 620 1658 in
632 1613 701 1660 ver-

112 1688 154 1753 ba
174 1687 322 1767 malitiae,
344 1689 359 1721 *
376 1692 417 1756 ad
435 1690 633 1758 excusindas
647 1711 701 1758 ex-

111 1785 300 1854 cusaticines
319 1787 352 1853 in
372 1789 522 1873 peccitis.

156 1903 243 1969 Cum
273 1903 464 1972 hominibus
492 1907 701 1991 operintibus

113 2001 323 2086 iniquititem
341 2003 419 2069 :*&
439 2023 504 2070 non
519 2006 702 2072 communi-

111 2099 193 2166 cibo
212 2119 288 2168 cum
308 2099 416 2169 eiistis
435 2100 559 2168 ebrum.

156 2215 317 2300 Corripiet
337 2239 389 2282 me
400 2220 510 2302 justus
525 2219 558 2284 in
574 2220 701 2287 miseri-

111 2311 234 2393 cbrdia,
251 2316 281 2381 81
293 2315 468 2402 increpibit
478 2337 531 2383 me
544 2337 551 2383 :
564 2315 698 2386 *ileum

383 3257 437 3302 ·O
461 3257 573 3306 Ine-a.

274 3395 437 3466 Psaimus
457 3398 534 3468 141.

112 3513 264 3689 Voce
285 3533 355 3578 mea
373 3515 415 3580 ad
438 3513 617 3583 Diminum
637 3520 701 3585 cla-

222 3611 309 3676 mivi
332 3631 339 3678 :
360 3611 375 3642 ⁸
393 3633 473 3679 voce
492 3636 563 3681 mea
577 3617 616 3682 ad
637 3616 701 3684 Βό-

112 3708 241 3774 minum
263 3711 450 3795 deprecitus
469 3732 543 3780 sum
566 3733 574 3780 :

154 3815 294 3883 Effiindo
310 3818 343 3885 in
358 3819 535 3905 conspiiiu
550 3825 619 3908 ejus
629 3842 699 3889 ora-

109 3912 234 3980 tidnem
253 3937 373 3993 meam,
387 3917 698 3988 *81tribu1ati6nem

111 4033 215 4078 meam
236 4025 312 4081 ante
332 4016 441 4101 ipsum
457 4019 646 4102 prominti0.

150 4121 183 4186 in
203 4121 389 4190 deficiindo
408 4145 448 4192 ex
468 4147 520 4192 me
544 4125 697 4211 spiritum

109 4241 232 4297 meum,
256 4220 320 4288 *ἃ
340 4233 376 4290 tu
396 4224 578 4311 cognovisti
599 4226 699 4295 serni-

109 4328 153 4386 tas
173 4339 277 4386 meaS.

753 456 863 513 autem
882 444 1057 530 peccatiris
1076 464 1142 511 non
1158 443 1344 532 impinguet

754 555 852 630 caput
871 565 996 611 meum.

798 642 964 722 Qisiniam
984 644 1089 709 adhuc
1107 643 1137 708 81
1152 642 1255 708 oritio
1271 661 1342 707 mea

753 743 786 807 in
807 742 1020 827 beneplicitis
1037 739 1151 808 ebrum
1175 759 1182 805 :
1204 739 1219 770 *
1236 738 1343 806 absit·

753 841 801 925 pti
834 851 913 908 sunt
940 838 1046 926 juniii
1085 849 1183 925 petrae
1216 836 1343 925 jidices

754 937 880 1005 ebrum.

798 1038 943 1104 Audierit
966 1038 1062 1103 verba
1087 1057 1159 1103 mea
1182 1034 1340 1120 quiniam

754 1135 930 1220 potuirunt
964 1154 972 1200 :
1002 1136 1017 1169 *
1047 1137 1131 1202 sicut
1160 1135 1340 1202 crassitiido

753 1245 843 1302 terrae
861 1236 971 1320 eripta
991 1246 1040 1302 est
1058 1254 1155 1319 super
1173 1244 1302 1301 terram.

798 1334 959 1419 Dissipita
978 1344 1056 1401 sunt
1075 1353 1148 1400 ossa
1168 1342 1278 1399 nostra
1292 1352 1341 1399 se·
1411 1408 1414 1416 ¹

752 1452 810 1500 cus
841 1432 1003 1499 infernum
1045 1430 1206 1515 :*quia
1237 1433 1277 1496 ad
1309 1441 1341 1497 te

753 1529 910 1609 Do'mine,
941 1530 1082 1598 Dimine
1114 1529 1201 1597 (iculi
1236 1529 1300 1595 mei
1330 1549 1338 1594 ε

752 1631 786 1696 in
806 1641 838 1696 te
861 1630 1000 1715 sperivi,
1029 1649 1095 1696 non
1121 1630 1245 1695 inieras
1270 1628 1341 1696 ini·

753 1749 840 1794 mam
864 1749 985 1794 meam.

795 1826 930 1895 Custo'di
965 1847 1017 1892 me
1047 1848 1065 1892 a
1095 1827 1211 1910 iiqueo
1239 1845 1338 1909 quem

751 1925 933 1993 statuerunt
953 1925 1035 1992 mihi
1059 1944 1066 1991 :
1089 1924 1340 1992 '‘&asczinda-

753 2025 795 2090 lis
811 2024 1017 2109 operintium
1039 2024 1260 2107 iniquititem.

795 2125 919 2190 cadent
936 2125 968 2187 in
994 2123 1147 2189 retiicuio
1171 2125 1242 2208 ejus
1267 2141 1341 2205 pec-

750 2221 873 2288 catcires
894 2241 901 2288 :
924 2221 1160 2306 *singuiiriter
1179 2241 1254 2290 sum
1278 2241 1339 2306 ego

751 2321 855 2387 donec
873 2321 1047 2388 trinseam.

671 3240 946 3307 Euouaffl

796 3413 830 3477 in
849 3412 901 3478 via
921 3413 980 3477 hac
999 3430 1063 3493 qua
1086 3406 1344 3484 ambuiibam,*

751 3510 990 3577 absconderunt
1009 3509 1162 3592 iiqueum
1185 3508 1278 3573 mihi.

793 3618 1046 3686 Consideribam
1067 3618 1107 3681 ad
1122 3615 1286 3682 dexteram
1311 3615 1341 3679 ἃ

751 3717 902 3783 νίἀόὺεῐη
925 3737 932 3782 :
954 3717 968 3748 *
987 3718 1016 3782 81
1039 3733 1104 3782 non
1124 3725 1190 3781 erat
1208 3715 1266 3798 qui
1286 3733 1341 3779 co-

750 3813 920 3902 gnbsceret
941 3836 1006 3881 me.

795 3921 890 3990 Piriit
909 3926 985 4010 iuga
1003 3943 1021 3987 a
1041 3943 1106 3998 me,
1129 3921 1271 3986 *8zn0n
1291 3930 1341 3988 est

750 4023 808 4105 qui
830 4022 969 4106 requirat
988 4021 1133 4086 {mimam
1155 4040 1273 4086 meam.

794 4130 940 4195 Clamivi
960 4130 1000 4194 ad
1022 4139 1053 4195 te
1077 4125 1230 4202 Dimine„
1253 4125 1267 4156 *
1290 4126 1339 4191 di-

750 4229 782 4294 xi
802 4247 810 4293 :
827 4229 875 4295 Tu
896 4249 931 4296 es
949 4248 1023 4313 spes
1043 4247 1126 4302 mea,
1144 4224 1250 4309 pcirtio
1266 4244 1338 4291 mea

751 4327 784 4394 in
805 4338 885 4394 terra
906 4325 1103 4395 vivintium.
