3159 4792
438 299 573 370 Festa
588 298 811 371 Octobris.
833 301 880 371 6.
904 300 948 371 7.
971 302 1017 373 8.
1040 302 1085 371 9.
1295 304 1375 374 439

175 550 217 646 6.
429 551 477 648 S.
505 552 745 649 Brunonis
772 551 1085 645 Confessoris.
1150 554 1336 683 Duplex.

692 724 820 787 Oratio.

149 820 301 995 Senon
321 817 481 887 Brunonis
495 820 697 889 confessoris
711 823 769 896 tui,
787 840 981 906 quaesumus
995 821 1148 900 Domine,
1167 824 1371 893 intercessio-

233 919 331 984 nibus
356 917 549 1004 adjuvemur
574 938 582 985 ε
610 930 647 986 ut
674 922 730 1005 qui
762 922 963 1006 majestitem
988 932 1079 989 tuam
1104 922 1245 1007 griviter
1266 926 1386 992 deiin-'

139 1015 271 1099 quendo
286 1016 496 1093 offendimus,
514 1021 583 1104 ejus
603 1017 728 1085 meritis
746 1020 777 1086 82
796 1018 947 1102 pre'cibus
967 1018 1153 1087 nostrorum
1172 1020 1366 1090 delitiorum

141 1113 271 1181 veniam
292 1116 541 1199 consequimur.
563 1116 620 1184 Per
639 1115 832 1183 Dominum.

180 1239 213 1297 ln
226 1240 261 1298 ΙΙ.
281 1240 362 1320 Vesp.
378 1260 475 1299 comm.
492 1242 628 1320 sequenter
640 1247 668 1299 et
682 1242 726 1301 Ss.
743 1242 906 1318 Martyrum
918 1248 953 1302 ut
965 1244 1052 1321 infra.

172 1438 213 1533 7.
344 1438 393 1563 S
430 1440 581 1537 Marci
614 1446 744 1563 Papae
773 1465 819 1531 et
846 1440 1159 1534 Confessoris.

231 1591 306 1651 Aria.
323 1590 505 1653 Sacerdos&
520 1592 664 1653 Pontifex.
681 1590 760 1675 [37].
777 1596 807 1665 i.
824 1594 947 1654 Arnivit
961 1613 1040 1653 eum.

691 1703 819 1779 Oratio.

222 1816 316 1865 xnuor
345 1797 485 1865 Domine
516 1818 624 1884 preces
648 1811 774 1867 nostras
800 1819 808 1867 :
834 1798 1118 1868 &interveniente
1144 1802 1238 1868 beito
1262 1804 1368 1869 Marco

243 1895 433 1963 Confessore
463 1908 520 1964 tuo
548 1908 646 1981 atque
674 1898 845 1976 Pontifice‚
868 1898 1107 1986 indulgentiam
1138 1901 1235 1966 nobis
1262 1900 1369 1968 tribue

140 1994 332 2078 placitus&
352 2015 475 2079 pacem.
497 1996 569 2082 (Per
589 1994 801 2084 Dominum.)

179 2112 283 2170 Deinde
298 2131 393 2170 comm.
412 2111 460 2174 ss.
478 2110 595 2191 Sergii,
607 2112 738 2189 Bacchi,
754 2112 907 2176 Marcelli
919 2112 1097 2194 erepuleii
1108 2116 1277 2193 Martyrum.
1290 2115 1365 2175 Avia.

139 2200 264 2260 istorum
279 2207 325 2260 est
339 2203 429 2260 enIm.
446 2198 522 2284 [29].
539 2204 568 2273 i.
586 2202 741 2262 Laetimini
756 2204 786 2261 in
802 2203 942 2263 Domino.

693 2312 821 2375 Oratio.

146 2408 379 2583 Sencronon
398 2408 576 2494 Mirtynrm
598 2407 729 2476 tuorum
746 2428 824 2487 nos,
842 2408 993 2487 Domine,
1010 2410 1126 2497 Sergii,
1144 2411 1267 2488 Bacchi,
1284 2411 1368 2478 Mar·

227 2504 302 2570 ceili
331 2505 361 2569 81
390 2505 521 2590 Apuleii
551 2507 642 2573 beita
672 2506 786 2573 merita
810 2508 1048 2591 prosequimur
1074 2526 1081 2573 :
1103 2509 1132 2573 a
1157 2519 1214 2577 tuo
1238 2528 1368 2593 semper

137 2603 256 2668 sicient
273 2602 384 2669 amore
403 2602 573 2670 ferventes.
596 2605 653 2671 Per
671 2603 865 2672 Dominum.

168 2812 211 2906 8.
502 2813 552 2910 S.
580 2812 797 2935 Birqiiiae
824 2812 997 2904 Viduae.
1147 2812 1331 2941 Duplex.

686 2968 814 3029 Oratio.

138 3066 322 3233 Donnia
342 3063 428 3129 Deus
449 3074 572 3142 noster,
594 3066 651 3148 qui
672 3065 774 3131 beitae
793 3063 935 3150 Birgittae
953 3084 1010 3149 per
1027 3063 1148 3131 Filium
1171 3074 1267 3131 tuum
1292 3066 1367 3131 uni·

245 3160 395 3246 genitum
420 3160 540 3229 secreta
563 3161 703 3229 caelestia
727 3162 875 3229 reveiisti
902 3182 910 3228 ε
933 3161 1036 3248 ipsius
1058 3163 1111 3248 pia
1135 3160 1366 3229 intercessione

133 3258 174 3323 da
194 3259 290 3325 nobis
310 3259 443 3327 simulis
461 3261 544 3337 tuis,
568 3262 601 3327 in
622 3260 820 3329 revelatione
840 3260 1046 3346 sempitirnae
1065 3258 1179 3347 gloria
1198 3272 1263 3328 tuae
1286 3282 1366 3349 gau-

133 3354 207 3422 dere
227 3358 383 3424 laetintes.
406 3360 463 3424 Per
481 3360 634 3426 erimdem
656 3358 848 3428 Dominum.

173 3472 205 3529 In
218 3472 254 3529 II.
274 3473 355 3554 Vesp.
373 3492 468 3533 comm.
484 3477 629 3555 sequente.

164 3679 206 3774 9.
237 3636 315 3776 ss.
346 3680 563 3805 Dionysii
590 3680 753 3804 episc„
784 3682 975 3778 Rustici
1001 3689 1048 3777 et
1074 3681 1335 3778 eleutherii

512 3834 717 3931 Martyrum.
744 3834 982 3927 semiduplex.

212 3974 287 4033 Aria.
304 3975 429 4035 istorum
445 3982 489 4036 est
503 3977 594 4036 eninr.
612 3972 688 4057 [29].
706 3979 735 4048 i.
753 3976 918 4036 Laetimini.

684 4094 812 4157 Oratio.

136 4195 289 4362 Deua
321 4192 378 4274 qui
410 4190 564 4257 hodierna
592 4191 645 4259 die
676 4192 808 4257 beritum
836 4190 1031 4277 Dionysium
1061 4191 1232 4277 Martyrem
1264 4201 1359 4257 tuum

243 4298 340 4371 atque
363 4288 552 4356 Pontificem
577 4289 697 4356 viruite
726 4289 919 4355 constintiae
948 4289 982 4353 in
1011 4287 1161 4373 passione
1185 4287 1359 4365 roboristi‚
