3159 4792
400 280 655 354 Commune
683 282 824 354 Unius
847 283 1070 365 Martyris.
1282 280 1359 373 [1⁵]

632 427 709 487 Alia
725 427 853 489 Oratio.

220 552 287 611 aua,
309 534 366 617 qui
390 552 449 599 nos
464 532 548 599 beiti
571 534 614 598 N.
637 533 787 619 Mirtyris
806 534 854 599 tui
874 544 972 617 atque
991 532 1159 601 Pontificis
1177 533 1285 599 ianua
1308 554 1360 601 so·

243 632 411 697 lemnitite
440 630 583 697 laetificas
610 650 617 697 :
649 630 788 697 concide
817 632 998 717 propitius;
1031 644 1069 699 ut
1098 634 1191 718 cujus
1215 632 1359 699 natalitia

127 730 283 807 colimus,
304 730 345 795 de
364 727 510 816 ejusdem
531 729 628 795 itiam
649 728 850 814 protetiione
868 732 1081 817 gaudeimus.
1104 734 1161 798 Per
1180 732 1303 798 Dium.

292 858 360 916 Pro
375 858 686 934 Martyretantum.
1071 858 1199 920 Oratio.

206 970 315 1021 RAEsri
344 973 536 1037 quaesumus
565 952 776 1038 omnipotens
806 956 928 1020 Deus:
956 963 992 1020 ut
1015 956 1072 1037 qui
1098 954 1183 1020 beiti
1207 957 1250 1023 N.
1278 957 1360 1020 Miu-

130 960 201 1128 P
226 1052 307 1139 tyris
326 1052 374 1118 tui
395 1049 540 1117 natalitia
560 1051 717 1127 colimus,
741 1051 972 1119 intercessione
995 1056 1066 1139 ejus
1091 1054 1124 1119 in
1145 1055 1192 1119 tui
1214 1052 1361 1120 nominis

129 1149 239 1217 amore
256 1148 457 1216 roborimur.
479 1151 537 1215 Per
555 1148 750 1217 Dominum.

639 1276 715 1337 Alia
730 1276 859 1337 Oratio.

207 1390 318 1441 RAEsri
347 1394 540 1457 quaesumus
569 1372 781 1458 omnipotens
810 1375 896 1441 Deus
923 1394 931 1439 :
957 1386 995 1441 ut
1020 1375 1238 1442 intercede'nte
1265 1375 1360 1441 beato

228 1475 271 1541 N.
294 1473 432 1559 Mirtyre
445 1481 514 1547 tuo,
531 1472 561 1536 a
580 1493 597 1536 a
617 1470 744 1538 cuniiis
763 1472 1013 1540 adversitatibus
1033 1472 1208 1539 iibertmur
1232 1475 1265 1537 in
1291 1472 1361 1539 cor-

130 1590 224 1655 pore,
246 1571 275 1637 a
295 1592 312 1635 a
332 1571 439 1654 pravis
463 1568 719 1655 cogitationibus
739 1569 940 1637 mundimur
959 1572 992 1636 in
1014 1582 1134 1638 mente.
1157 1573 1214 1637 Per
1233 1572 1357 1638 Dirum.

532 1740 598 1815 Ad
619 1738 961 1837 Completorium.

341 2120 359 2163 ι

339 2188 360 2253 Ε
400 2188 501 2253 iu-cis
537 2197 611 2252 ante
654 2186 856 2263 timi-num,
874 2188 1009 2253 Re-rum
1033 2189 1107 2283 Cra-
1125 2188 1210 2253 i-tor
1228 2185 1334 2272 posci-

150 2620 236 2676 muS,
319 2600 361 2665 Ut
389 2618 447 2683 pro
480 2609 532 2664 tu·
555 2620 572 2663 a
599 2599 814 2665 clementi-a
909 2600 961 2667 Sis
990 2605 1107 2684 praesul
1145 2601 1175 2665 a
1211 2599 1320 2667 custo-

158 3027 208 3091 di·
228 3046 256 3092 a.
284 3026 316 3095 2.
338 3027 464 3093 Procul
494 3025 663 3093 roci-dant
689 3026 815 3093 somni·
830 3050 859 3103 a,
926 3028 962 3093 Et
983 3026 1086 3094 ηόᾶἰ-
1105 3049 1162 3093 um
1188 3028 1335 3111 phari-ti-

1183 3179 1214 3239 Ι

131 3448 271 3519 sma-ta;
346 3438 545 3523 Hostimque
580 3451 727 3507 nostrum
748 3438 954 3524 compti-me,
1023 3442 1071 3506 Ne
1094 3442 1324 3525 polio-intur
1433 3444 1436 3450 '

157 3864 311 3950 corpora.
334 3868 367 3936 3.
386 3870 514 3945 Praesta,
537 3871 641 3935 Pa-ter
664 3870 713 3952 pi·
738 3868 877 3944 is-sime,
921 3868 1082 3953 Pa-trique
1110 3890 1242 3955 compar
1281 3871 1325 3935 U-

243 4082 1293 4146 [HF-mm

547 4133 560 4144 Π

327 4149 933 4212 um

161 4278 262 4355 ni-ce,
345 4280 427 4347 Cum
449 4280 521 4364 Spi-
536 4282 577 4346 ri·
592 4292 627 4349 tu
660 4282 815 4348 Pa-ricli-
833 4293 867 4348 to
949 4283 1101 4367 Regnans
1123 4302 1179 4367 per
1215 4302 1314 4350 omne
