3159 4792
242 276 320 347 320
606 272 739 346 Festa
764 272 1036 347 Marinio.
1060 277 1123 347 12.

273 558 316 654 9.
362 558 411 655 S.
448 555 664 677 Greqorii
697 556 985 683 Nazianzveni
1019 556 1243 680 Episcopi,
1275 556 1414 648 Conf.

571 727 605 801 et
623 723 782 801 Ecelesiae
800 726 961 803 Doctoris.
989 730 1142 822 Duplex.

285 901 320 965 ln
338 899 479 985 utresque
498 897 654 979 Vesperis,
675 899 763 964 Aea.
784 898 815 964 O
834 896 995 965 Dootor...
1016 898 1107 965 beite
1126 896 1270 983 Gregori.
1292 895 1375 989 [4o].

321 1037 349 1103 i·
366 1032 488 1093 Amovit
502 1051 582 1093 eum.

791 1114 919 1177 Oratio.

244 1227 399 1395 Deos,
421 1225 477 1307 qui
499 1221 621 1308 populo
641 1232 698 1289 tuo
717 1220 845 1288 aetornae
864 1221 979 1289 salotis
998 1222 1130 1289 beitum
1150 1222 1343 1308 Gregorium
1370 1220 1473 1288 mini-

349 1334 452 1389 strum
473 1320 614 1388 tribuisti
638 1338 645 1386 :
662 1331 789 1405 praesta,
807 1338 1020 1404 quaesumus3
1039 1331 1075 1388 ut
1089 1341 1188 1405 quem
1204 1319 1377 1388 Dooiorem
1393 1322 1473 1389 vitae

242 1422 416 1487 habitimus
436 1421 469 1487 in
489 1422 597 1496 terris,
620 1418 863 1488 intercessorem
885 1419 1000 1486 habore
1027 1420 1209 1489 mereomur
1231 1422 1265 1487 in
1288 1421 1390 1487 caelis.
1414 1421 1473 1487 Per

242 1518 434 1587 Dominum.

283 1653 364 1733 Vesp.
379 1672 397 1712 a
412 1652 508 1731 Capit.
524 1654 557 1711 de
570 1654 701 1731 sequenti,
717 1672 814 1711 comm.
826 1654 943 1731 preced.
960 1658 987 1713 et
1001 1654 1046 1713 Ss.
1063 1653 1232 1731 Martyrum,
1248 1658 1282 1713 ut
1295 1655 1381 1730 r'ry'ra.

268 1904 345 2035 10.
407 1907 455 2004 S.
489 1906 714 2002 Antonini
748 1906 957 2029 Episcopi
985 1930 1032 1998 et
1057 1906 1370 1999 Confessoris.

680 2086 798 2163 mpnx.
824 2083 898 2163 (m.
914 2088 943 2148 t.
959 2085 1019 2164 v‚)

787 2229 917 2292 Oratio.

246 2336 399 2513 Siren
420 2334 578 2403 Antonini
595 2334 735 2402 Domine
753 2334 955 2403 Confessons
974 2338 1021 2403 tui
1041 2347 1139 2421 atque
1157 2338 1323 2405 Pontificis
1344 2338 1473 2406 meritis

328 2434 522 2519 adjuvomur
540 2454 547 2500 ε
565 2446 601 2502 ut
620 2436 705 2502 sicut
727 2445 759 2501 te
780 2436 812 2500 in
835 2436 892 2502 illo
913 2435 1096 2501 miribilem
1117 2436 1347 2520 praedicimus,
1371 2439 1416 2504 ita
1437 2439 1471 2503 in

241 2552 302 2599 nos
321 2532 562 2601 misericordem
582 2533 682 2601 fuisse
701 2532 890 2620 gioriomur.
913 2536 970 2600 Per
988 2532 1181 2601 Dominum.

281 2657 388 2716 Comm.
405 2660 437 2717 S.
456 2659 582 2738 Gregorii
594 2659 775 2737 Nanonrmi.
791 2658 866 2718 Aria.
884 2660 911 2718 O
927 2657 1044 2719 Dooior.
1063 2657 1138 2742 [4o].
1156 2663 1185 2731 i.
1198 2661 1316 2739 justum
1333 2662 1468 2722 dedtixit.

280 2785 384 2843 Deinde
398 2784 447 2845 Ss.
464 2782 621 2847 Gordiani
636 2788 672 2847 et
686 2782 857 2863 Epimachi
872 2786 1041 2863 Martyrum.
1058 2785 1133 2845 Aria.
1150 2787 1212 2846 Lux
1227 2786 1377 2865 perpetua.
1391 2784 1469 2871 [22].

240 2876 270 2945 i·
288 2872 385 2933 Sanoti
400 2876 426 2933 8ι
437 2874 522 2951 justi.

787 2957 915 3019 Oratio.

243 3066 361 3234 Di,
383 3081 574 3147 quaesumus
592 3062 804 3148 omnipotens
823 3064 911 3129 Deus
934 3082 941 3128 :
964 3074 1001 3130 ut
1024 3065 1080 3148 qui
1101 3063 1269 3132 beatorum
1289 3064 1469 3152 Minyrum

352 3160 482 3229 tuorum
503 3161 657 3227 Gordiini
677 3162 706 3225 81
726 3160 893 3247 Epimachi
908 3161 1070 3229 solomnia
1083 3160 1235 3241 colimus,
1253 3161 1367 3232 eorum
1382 3168 1471 3250 apud

240 3271 272 3326 te
292 3258 580 3328 intercessionibus
598 3260 802 3348 adjuvimur.
824 3262 880 3327 Per
898 3258 1091 3328 Dominum.

275 3530 347 3626 12.
383 3532 461 3626 Ss.
495 3530 650 3638 Nerei,
683 3531 886 3628 Achillei
916 3555 961 3622 et
986 3532 1237 3629 Domitillae
1266 3533 1470 3657 Virginis

497 3714 634 3814 atque
668 3693 912 3790 Pancratii
946 3700 1210 3818 Martyrum.

763 3864 946 3943 Semr'duplex.

789 4000 917 4061 Oratio.

247 4105 410 4282 Sannoi
437 4123 497 4171 nos
521 4103 661 4170 Domine
685 4106 862 4191 Minyrum
888 4105 1019 4172 tuorum
1043 4105 1154 4181 Noni,
1176 4106 1333 4183 Achillei,
1356 4110 1474 4175 Domi-

331 4202 411 4269 tillae
424 4213 522 4287 atque
542 4202 697 4269 Pancritii
720 4203 838 4281 foveat,
860 4224 1063 4288 quaesumus,
1085 4205 1176 4272 betta
1196 4204 1391 4275 solomnitas
1413 4228 1421 4274 :
1443 4211 1474 4275 8ι

243 4312 300 4367 tuo
319 4302 439 4388 dignos
458 4302 569 4367 reddat
587 4300 757 4386 obsoquio.
779 4304 837 4369 Per
856 4301 1048 4370 Dominum.
