3159 4792
233 259 311 374 244
470 305 604 376 Festa
626 302 903 375 Decembris.
925 303 970 370 9.
994 302 1059 371 10.
1082 301 1135 370 11.
1158 302 1222 372 12.

268 786 415 854 ho-di-e
460 785 653 853 contri-tum
676 795 725 852 est
743 786 783 850 ab
807 805 877 849 e-a
926 805 977 850 ca-
1000 795 1059 869 put
1078 783 1238 870 serpiotis
1272 784 1417 870 antiqui,

276 1195 474 1261 al-le-lt't-ia.
539 1195 606 1260 Eu
635 1213 751 1260 oua
787 1213 817 1258 e.

272 1322 311 1379 Et
315 1322 356 1395 fit
370 1320 585 1378 commemoratio
598 1318 693 1377 Feriae.

263 1563 307 1658 9.
344 1562 473 1658 Infra
500 1516 729 1658 Octavam
758 1566 941 1651 Immac.
971 1565 1198 1682 Concept.
1219 1567 1268 1652 B.
1289 1567 1348 1652 M.
1375 1569 1431 1652 V.

278 1759 393 1826 Omnia
411 1764 450 1824 ut
465 1759 499 1823 in
517 1759 568 1824 die
586 1759 680 1825 Festi.

273 1885 304 1942 In
325 1884 459 1962 Vesperis,
474 1903 570 1941 comm.
588 1882 682 1953 Feri'ee,
698 1889 725 1942 et
744 1882 775 1946 S.
793 1881 990 1944 Uelchiadis
1005 1883 1088 1962 Papo
1106 1889 1133 1941 et
1149 1884 1294 1961 Martyris.
1312 1885 1389 1946 Atio.
1406 1885 1467 1944 {ste

233 1971 362 2033 santius.
384 1970 459 2055 [¹4]·
481 1975 509 2043 t.
531 1973 629 2032 Gloria
648 1975 674 2032 ἃ
693 1972 815 2032 honore.
843 1974 926 2030 Orat.
951 1973 1193 2032 Infirmitatem...
1221 1973 1297 2033 betti
1323 1972 1467 2034 Molchia-

234 2064 289 2122 dis·
307 2060 382 2145 [¹4]-

267 2279 338 2376 10.
367 2279 497 2375 Infra
523 2278 753 2375 Octavam
781 2283 963 2369 Immac.
992 2283 1218 2401 Concept.
1244 2286 1292 2371 B.
1318 2285 1378 2370 M.
1405 2287 1461 2372 V.

278 2487 370 2567 Vesp.
391 2506 412 2552 a
432 2487 538 2568 Capit.
559 2489 598 2552 de
615 2487 765 2570 sequenti,
786 2505 895 2551 comm.
919 2485 1046 2551 Ottavoe
1063 2491 1096 2551 et
1111 2487 1220 2552 Ferioe.

266 2746 337 2842 11.
410 2747 459 2843 S.
482 2747 676 2842 Damasi
697 2747 732 2842 l.
758 2751 888 2868 Papae
908 2769 955 2836 et
974 2745 1287 2838 ConfessoriS.

755 2897 937 2976 smmpox.

783 3025 910 3087 Oratio.

316 3149 410 3198 mum
430 3130 571 3198 Domine
590 3150 697 3216 preces
717 3141 843 3231 nostros
865 3150 872 3196 :
894 3131 1179 3198 &interveniente
1202 3134 1296 3199 betto
1320 3134 1468 3201 Dimaso

337 3228 528 3298 Contessore
551 3241 609 3298 tuo
638 3241 735 3313 atque
763 3229 934 3306 Pontifice‚
960 3230 1200 3316 indulgentiam
1229 3233 1326 3299 nobis
1355 3232 1468 3300 tribue

234 3331 379 3414 placitus
397 3332 427 3396 &
442 3349 565 3415 pacem.
588 3331 643 3395 Per
663 3326 857 3395 Dominum.

275 3454 381 3513 Comm.
400 3456 520 3524 Ottovae,
537 3472 606 3532 243,
623 3460 651 3513 et
665 3453 758 3512 Feriae.

276 3562 356 3640 Vesp.
371 3582 389 3620 a
404 3561 499 3641 Capit.
518 3563 550 3620 de
566 3565 680 3632 Ottova,
696 3581 791 3620 comm.
810 3561 841 3620 S.
854 3562 978 3620 Damasi.
995 3562 1071 3621 Aio.
1089 3563 1168 3622 Dum
1183 3569 1269 3622 esset.
1282 3561 1358 3645 [39].
1372 3567 1467 3644 Ηυ-

233 3657 313 3711 stum
329 3651 459 3710 dedtxit.
476 3651 575 3710 Postea
590 3653 682 3711 Ferit.

266 3885 336 3982 12.
390 3887 519 3983 Infra
547 3887 647 3984 oct.
678 3891 860 3976 Immac.
891 3891 1118 4008 Concept.
1151 3893 1199 3978 B.
1231 3892 1289 3978 M.
1321 3893 1374 3977 V.

275 4067 369 4148 Vesp.
391 4071 428 4132 do
446 4066 595 4150 sequenti,
615 4085 723 4130 comm.
748 4065 874 4131 Ottovoe
890 4071 924 4131 et
939 4067 1048 4132 Ferice.

626 4243 866 4298 ——--※
