3159 4792
242 289 294 360 30
546 285 672 358 Feria
690 285 831 358 Sexta
849 289 907 359 ad
928 290 1171 373 vesperas.

287 433 419 501 intende
433 434 473 498 ad
487 430 744 518 deprecatidnem
767 454 833 498 rne-
926 435 1013 501 Educ
1053 437 1093 501 de
1134 434 1281 502 custridia
1322 436 1470 502 inimum

242 556 295 600 am
319 553 326 599 :
349 532 461 617 *quia
482 531 674 606 humiliitus
692 551 765 598 sum
783 532 832 597 ni·
882 553 988 600 meam
1021 536 1061 600 ad
1087 535 1311 602 confitendum
1341 534 1470 603 urimini

244 635 319 699 mis.
881 641 939 699 tuo
961 651 968 698 :
990 632 1005 664 *
1025 654 1077 698 me
1095 632 1284 718 exspectant
1300 635 1394 719 justi,
1411 636 1472 701 do-

288 731 397 797 Libera
431 751 528 796 mea
561 727 832 814 persequentibus
881 749 940 797 nec
959 731 1116 800 retribuas
1137 733 1232 799 mihi.

244 852 296 896 me
318 849 325 896 :
347 829 457 914 *quia
481 827 650 900 conforttti
674 839 753 896 sunt
775 848 832 895 su-

512 1773 704 1848 Aile-iit-ia,
750 1773 936 1850 alle-lu-ia,
978 1774 1155 1840 alie-lti-ia.

400 1919 604 1994 Capitulum.
1141 1937 1171 1976 2.
1189 1917 1256 1975 Cor.
1277 1938 1302 1975 1.

244 2022 490 2188 Buueurcrus
518 2017 620 2092 Deus,
646 2017 675 2082 δι
706 2017 794 2081 Pater
818 2013 949 2082 Dumini
982 2017 1083 2083 nostri
1108 2018 1181 2099 iesu
1210 2016 1347 2091 Christi,
1376 2015 1468 2081 Pater

343 2115 655 2190 misericordiarum,
676 2115 706 2179 u
730 2116 817 2182 Deus
840 2114 943 2182 totius
966 2113 1218 2192 consolaturus,
1239 2116 1297 2198 qui
1317 2114 1467 2180 consoli-

240 2225 293 2282 tur
312 2234 373 2282 nos
392 2215 425 2279 in
445 2215 537 2279 omni
558 2211 767 2279 tribulatirine
787 2223 908 2281 nostra.

262 3176 354 3232 nans,
373 3157 524 3226 Humum
541 3160 649 3245 J'u-bes
674 3161 875 3244 produce-re
929 3159 1101 3243 Reptrintis
1125 3158 1155 3223 tir
1183 3159 1267 3224 ie-rae
1286 3175 1432 3245 genus:

282 3304 319 3368 Et
339 3323 456 3389 magna
477 3323 583 3371 rerum
603 3301 747 3388 curpora,
923 3303 969 3369 Da
987 3300 1183 3388 gaudirirum
1204 3302 1347 3386 praemia,

238 3399 333 3467 Diciu
350 3400 498 3487 jubentis
516 3401 637 3479 vivida,
878 3403 924 3468 Da
944 3402 1119 3488 gratiirum
1141 3399 1273 3466 munera
1300 3418 1307 3464 :

237 3502 294 3565 Per
313 3501 498 3585 te'mporum
518 3494 619 3568 certas
638 3501 727 3568 vices
878 3498 1029 3566 Disstiive
1048 3501 1118 3566 iitis
1137 3498 1280 3574 vincula,

238 3599 470 3684 Obterrrperrire
489 3599 629 3666 se'rvulis
651 3619 658 3664 :
878 3598 1055 3683 Adstringe
1074 3597 1163 3682 pacis
1182 3597 1312 3663 ioedera.

282 3723 415 3808 Repeiie
434 3727 523 3807 quod
542 3724 706 3808 cupidinis
922 3725 1048 3799 Praesta,
1070 3723 1160 3789 Pater
1179 3721 1340 3809 piissime,

238 3821 351 3888 Ciente
370 3823 402 3888 vi
424 3843 484 3889 nos
504 3823 645 3907 impetit,
877 3821 1026 3904 Patrique
1044 3840 1177 3905 compar
1196 3822 1309 3896 Unice,

240 3923 308 3988 Aut
328 3919 476 3988 muribus
495 3941 530 3988 se
548 3922 707 4009 suggerit,
876 3921 959 3986 Cum
978 3919 1100 4005 Spiritu
1120 3920 1273 3986 Parriciito

238 4021 306 4087 Aut
324 4018 452 4087 ictibus
470 4040 504 4087 se
523 4019 694 4086 interserit.
876 4021 1029 4104 Regnans
1047 4038 1104 4103 per
1122 4038 1220 4085 omne
1238 4020 1408 4084 saecuium.

967 4119 1087 4182 Amen.

285 4221 316 4298 ii.
339 4218 503 4304 Dirigitur
522 4215 663 4283 Dumine
682 4217 784 4282 oritio
805 4236 888 4282 mea.

286 4321 321 4414 ui.
343 4318 434 4390 Sicut
453 4315 622 4388 incensum
645 4317 678 4381 iri
698 4313 874 4400 conspectu
894 4324 963 4381 tu0.
