3159 4792
263 294 398 367 Festa
417 289 542 373 sept.
566 292 629 361 15.
649 328 695 341 -
714 290 788 363 Vll
814 289 1028 362 Dotorum
1053 290 1102 360 Β.
1125 290 1181 361 Μ.
1202 291 1254 361 V.
1300 290 1379 359 413

200 739 229 804 o
250 734 454 811 Domi-num,
485 736 531 799 al·
555 737 601 799 le·
923 733 974 800 11¹1-
1029 736 1070 799 ia.
1128 733 1185 799 Eu
1200 754 1222 799 o
1236 752 1290 799 ua
1314 752 1343 797 e.

165 846 167 851 ¹
193 853 300 912 Comm.
317 853 371 911 diei
385 853 495 910 Ottaoce
508 850 629 910 Nativit.
647 851 679 908 B.
697 850 740 907 M.
761 850 798 907 V.
815 851 887 908 utin
901 851 923 907 I.
943 851 1067 928 Vespm's
1081 849 1163 916 Festi,
1180 866 1250 928 409.

190 972 294 1030 Deinde
306 968 335 1031 S.
347 965 538 1031 Nicomedis
547 968 691 1045 Martyn's.
702 966 776 1025 Aia.
785 966 841 1026 Iste
851 964 979 1025 santius.
989 964 1063 1048 [14].
1073 969 1102 1035 p.
1111 966 1210 1025 Gtoria
1220 967 1246 1025 ἃ
1256 966 1377 1025 honore.

702 1085 830 1146 Oratio.

151 1184 343 1358 Aossso
362 1182 503 1249 Domine
522 1180 646 1267 pctputo
665 1192 722 1248 tuo
747 1201 754 1247 :
777 1192 815 1248 ut
833 1183 916 1248 betti
943 1181 1132 1249 Nicomedis
1158 1182 1307 1268 Mirtyris
1332 1183 1379 1248 tui

265 1283 378 1350 merita
403 1282 550 1366 praectira
576 1280 773 1365 suscipiens,
800 1283 839 1347 ad
860 1281 1097 1377 impetrindem
1125 1278 1379 1347 misericordiam

152 1394 243 1449 tuam
263 1399 390 1466 semper
409 1382 479 1465 ejus
499 1378 687 1464 patrociniis
705 1379 889 1466 adjuve'tur.
911 1381 968 1445 Per
987 1378 1181 1446 Dominum.

185 1596 257 1692 15.
334 1596 390 1691 In
424 1595 607 1692 Octava
641 1594 921 1691 Nativitatis
955 1595 1008 1690 B.
1045 1594 1107 1689 Μ.
1141 1594 1196 1689 V.

619 1809 624 1817 ,
676 1747 797 1824 Duplex.

198 1829 314 1907 Omnia
332 1833 370 1894 ut
385 1830 419 1894 iu
437 1829 537 1894 Festo.

193 1946 224 2003 In
243 1946 278 2004 ΙΙ.
303 1944 440 2022 Vesperis,
462 1964 558 2003 comm,
580 1943 624 2001 Ss.
647 1944 806 2021 Martyrum
827 1941 952 2002 Cornelii
968 1948 995 2002 et
1015 1942 1151 2022 Cyprz‘ani
1167 1948 1195 2000 et
1213 1943 1330 2001 atrorum
1348 1948 1381 2001 ut

151 2038 237 2111 infra,
250 2053 284 2109 41
292 2052 319 2112 7.

145 2148 147 2152 ⁷
164 2152 1375 2213 WWWWWQWWW

518 2309 699 2386 Dominica
716 2310 771 2385 III.
792 2309 1013 2408 Septembris.

154 2466 352 2561 Festum
386 2465 580 2586 Septem
614 2464 838 2559 Dolorum
872 2465 926 2560 B.
962 2463 1127 2559 Mariae
1152 2463 1405 2590 Virpinis

656 2640 764 2705 Duplex
778 2641 879 2702 majus.

193 2761 226 2819 Si
237 2762 267 2819 in
280 2761 424 2820 Dominica
438 2760 486 2818 III.
510 2759 673 2839 Septembris
691 2765 822 2819 occurrat
837 2760 916 2817 otirut
932 2758 1040 2816 Festum
1057 2759 1114 2817 sive
1130 2759 1164 2815 B.
1186 2758 1229 2816 M.
1255 2759 1285 2816 V
1286 2804 1305 2826 .,
1326 2761 1383 2817 sive

150 2852 258 2909 attiorr's
267 2852 347 2918 ritus,
364 2850 407 2908 vel
420 2851 475 2907 dies
491 2852 594 2908 Ottuvu
609 2849 683 2908 Festi
693 2852 766 2927 quod
777 2850 882 2907 alicubi
892 2848 1007 2905 solemne
1019 2849 1066 2914 sit,
1084 2848 1191 2905 Festum
1205 2847 1313 2926 Septem
1327 2850 1382 2907 Do

151 2942 240 2999 lorum
253 2941 421 2999 amandetur
432 2941 471 2997 od
483 2939 656 2998 Domim'com
675 2939 727 2996 W.
749 2938 913 3016 Septembris
926 2954 936 3005 ;
950 2942 979 2996 et
991 2939 1041 2995 boc
1054 2938 1137 2995 etiam
1152 2942 1280 3015 utsupra
1298 2940 1381 3015 impe-

151 3032 221 3097 dito,
238 3030 276 3088 ad
283 3031 477 3108 proximiorem
496 3030 668 3087 Domim'com
681 3029 845 3107 aproedrttis
865 3026 948 3085 Festis
966 3027 1089 3085 tiberem.
1108 3027 1191 3099 Qeod
1206 3028 1326 3105 simque
1343 3030 1382 3085 od

153 3120 311 3179 Adventum
321 3119 398 3177 uuita
406 3120 522 3195 supersit
532 3118 676 3176 Domiuiea
686 3117 779 3183 te'bera,
794 3117 900 3174 Festum
911 3115 1019 3193 Septem
1029 3116 1161 3175 Dolorum
1166 3116 1381 3193 ponaturjuxtu

152 3210 285 3268 Rubricos
299 3210 430 3287 inprime
444 3207 487 3265 die
500 3226 554 3265 non
568 3208 698 3286 impedita
707 3211 772 3284 post
785 3208 957 3264 Dominicam
972 3206 1020 3263 ΙΙΙ.
1039 3205 1212 3282 Septembris.
1478 3204 1481 3211 ’

590 3342 638 3414 In
664 3340 696 3415 1.
725 3338 944 3437 Vesperis.

180 3466 187 3481 Ο

199 3583 203 3593 ‹
241 3602 265 3652 ξ’(
307 3593 341 3652 iit-
1371 3566 1382 3688 1

200 3663 254 3706 w·
274 3691 277 3698 ¹
305 3677 310 3708 'r
326 3651 369 3684 m*
437 3655 439 3660 ι

248 3735 255 3760 Δ
327 3727 336 3757 t
464 3737 474 3768 j

190 3808 201 3836 k
282 3801 298 3811 ο
349 3795 374 3822 ,υ

516 3870 575 3936 UO
616 3870 672 3935 ib·
692 3870 718 3934 i·
743 3870 767 3934 it
818 3870 867 3934 di·
882 3866 986 3934 tebius
1014 3879 1127 3946 tu-us,
1167 3891 1187 3936 o
1225 3870 1374 3956 pulcher-

149 3972 1383 4258 Q

1142 4235 1161 4279 Ι

189 4292 282 4385 τίιηειν
308 4292 421 4361 mu-ti-
436 4292 564 4362 erum?
584 4311 650 4379 quo
672 4292 871 4363 decli-ns-vit
889 4290 1043 4361 di-lettus
1066 4302 1119 4363 tu·
1144 4293 1207 4360 us?
1230 4295 1259 4359 81
1278 4313 1366 4379 quae·
