3159 4792
643 1435 806 1540 G.
877 1436 1056 1539 M.
1123 1432 2270 1543 JOSEPHUS

99 1683 108 1693 ’
190 1806 199 1831 θ
264 1691 583 1767 DIVINA
636 1690 1208 1766 MISERATIONE
1258 1690 1363 1765 ET
1417 1690 1647 1767 SEDIS
1697 1690 2239 1768 APOSTOLICAE
2291 1693 2613 1770 GRATIA

211 1022 291 1082 [N

200 1124 263 1242 Q

179 1312 235 1372 χ

190 1412 247 1461 «η

211 1519 252 1582 Ὗ

196 1807 237 1846 «Ὗ

175 1880 261 2014 g
772 1871 1314 1992 Episcopus
1378 1871 2126 1970 Cenomanensis

235 2131 249 2140 -
366 2088 643 2156 omnihus
682 2088 787 2156 has
824 2087 1064 2156 Litteras
1102 2087 1321 2156 visuris
1353 2087 1600 2156 salutem
1639 2091 1695 2156 et
1733 2089 2179 2158 benedictionem
2219 2105 2252 2159 a
2289 2090 2529 2160 Domino.

169 2173 270 2307 ἲ

153 2310 281 2411 (⁵⁸
469 2370 711 2455 Cum
787 2395 839 2454 a
903 2365 1298 2453 Summis
1366 2363 1965 2456 Pontificibus
2028 2367 2498 2455 decretum
2564 2366 2682 2455 sit

214 2539 333 2598 ne
399 2507 606 2630 quis
679 2508 1312 2629 typographus
1387 2538 1495 2597 ea
1566 2540 1766 2628 quae
1839 2540 1891 2599 a
1962 2508 2422 2599 Breviario
2500 2516 2681 2598 Ro-

216 2682 495 2741 mano
552 2673 857 2740 ortum
910 2649 1253 2740 habent
1315 2652 1708 2740 excudat
1761 2673 1850 2740 et
1904 2651 1997 2754 in
2060 2652 2360 2740 lucem
2425 2653 2673 2767 edat,

220 2794 444 2916 quin
517 2794 773 2915 prius
839 2791 1373 2883 facultatem
1438 2794 1532 2882 in
1599 2793 1966 2915 scriptis
2030 2816 2500 2915 acceptam
2566 2794 2678 2885 ab

218 2937 723 3029 Ordinatio
779 2936 961 3027 loci
1018 2936 1561 3053 obtinuerit,
1633 2960 1722 3026 et
1786 2939 1898 3027 de
1962 2935 2372 3058 perfecta
2423 2968 2678 3026 novae

219 3080 658 3171 editionis
730 3112 945 3169 cum
1007 3078 1263 3170 libris
1327 3079 1662 3202 typicis
1727 3078 2388 3170 concordantia
2451 3110 2679 3168 con-

219 3247 404 3314 stet
473 3260 488 3313 :
560 3230 800 3339 Nos,
874 3222 1235 3312 dilectis
1306 3222 1520 3312 filiis
1592 3224 1938 3312 nostris
2008 3223 2676 3345 Typographeo

221 3367 530 3457 Sancti
591 3365 831 3457 Petri
888 3365 1498 3456 Solesmensis
1551 3365 2102 3487 praepositis,
2152 3397 2358 3455 cum
2410 3364 2679 3454 Anti-

216 3509 646 3631 phonarii
741 3508 1120 3599 Romani
1200 3540 1531 3598 novam
1616 3509 2116 3598 editionem
2197 3530 2670 3629 pararent,

216 3654 401 3743 tale
458 3685 696 3774 opus
750 3651 1332 3773 imprimendi
1388 3651 1886 3768 licentiam,
1950 3683 2223 3773 quam
2279 3683 2330 3741 a
2384 3650 2677 3741 Nobis

218 3795 848 3916 postulabant,
909 3794 1304 3886 libenter
1357 3794 1807 3884 dedimuS.

471 4041 712 4127 Cum
801 4060 1106 4127 autem
1199 4069 1308 4125 ex
1398 4034 1935 4125 testimonio
2028 4033 2547 4125 Sacerdotis
2628 4065 2683 4123 a

225 4176 517 4268 Nobis
607 4179 721 4267 ad
810 4179 1082 4306 hujus
1177 4177 1483 4299 operis
1576 4175 2126 4267 revisionem
2215 4175 2671 4297 deputati,

2320 4363 2394 4411 V.
2430 4363 2499 4409 R.
