3159 4792
243 270 348 364 [196]
529 275 638 345 Toni
662 299 677 340 u
701 275 846 346 Amen
870 299 885 339 u
907 277 953 345 et
973 297 990 338 n
1013 273 1201 344 Alleluia
1222 297 1255 341 u.

286 418 382 485 Nota.
404 417 435 494 l.
458 415 620 485 Diminus
639 419 825 486 vobiscum.
844 422 878 504 il.
896 419 1022 484 Etcum
1039 415 1155 501 spiritu
1176 428 1247 483 tuo.
1271 453 1323 464 —
1346 418 1381 494 5.
1401 413 1487 480 Fide-

244 516 325 580 lium
346 515 464 580 inimae
488 537 543 599 per
563 516 816 583 misericerdiam
837 517 894 581 Dei
916 513 1117 598 requiescant
1137 516 1171 580 in
1192 535 1284 598 pace.
1304 519 1345 600 'l-
1368 517 1483 579 Amen.

241 649 286 662 -
296 614 327 691 l.
342 610 504 680 Deminus
518 615 572 680 det
587 615 683 681 nobis
696 635 789 682 suam
807 634 930 698 pacem.
949 617 983 700 ii.
998 615 1034 679 El
1049 615 1149 678 vitam
1165 612 1343 678 aeternam.
1365 613 1483 676 Amen.

241 715 399 776 canuntur
417 712 483 776 siue
501 715 568 777 ullu
587 715 762 779 variatione
784 714 885 788 vocis,
911 731 980 778 cum
1003 712 1058 777 boc
1080 714 1146 777 solo
1168 713 1379 785 discrimine,
1406 715 1486 796 quod

238 809 361 891 primus
383 812 471 874 clara
493 815 526 874 et
546 830 678 886 canora,
704 817 737 877 et
761 813 876 896 reliqui
902 815 964 876 duo
992 810 1120 875 nonnisi
1142 811 1240 894 graui
1264 815 1299 874 et
1326 811 1484 875 subruisse

241 928 314 973 voce
330 908 490 973 dicuntur.
512 945 557 958 -
575 910 606 987 l.
629 907 785 975 Divinum
806 907 967 975 auxilium
989 909 1116 973 mineat
1135 927 1265 991 semper
1286 907 1481 973 nobiscum.

243 1006 278 1092 sl.
300 1007 418 1071 Amen.
440 1007 588 1072 submisse
604 1013 752 1074 cantatur
770 1011 837 1074 sine
854 1009 938 1073 vocis
955 1007 1140 1072 uariatione.

283 1137 377 1195 Preces
382 1140 495 1216 fermus
513 1142 552 1198 ud
571 1141 701 1220 Vesperns
719 1147 746 1200 et
765 1143 868 1200 laudes
886 1143 915 1200 in
933 1141 1026 1199 diebus
1037 1141 1206 1219 jejunierum
1225 1160 1283 1198 non
1301 1146 1374 1198 sunl
1393 1142 1483 1197 cored-

244 1227 341 1285 nendoe
349 1234 401 1305 per
414 1230 604 1307 depressubnem
618 1233 690 1289 vocis
704 1251 722 1290 a
737 1232 764 1290 sa
779 1233 817 1289 ad
830 1249 870 1300 re,
887 1231 933 1290 sed
945 1232 1076 1288 utendum
1091 1233 1159 1289 rulo
1174 1235 1247 1288 torno.

305 1487 460 1564 Modus
481 1489 721 1565 cantandi«
741 1490 919 1565 Alleluia
937 1514 961 1564 »
979 1489 1190 1585 Tempore
1210 1489 1419 1564 Paschali

472 1652 661 1714 secundum
674 1655 695 1715 8
707 1662 818 1725 tonos,
834 1655 868 1714 in
882 1655 950 1714 fine
963 1655 1247 1729 Antiphonarum.

646 1821 680 1890 2.
951 1823 985 1891 3.

288 2227 487 2294 Alle-lil-ia.
612 2226 808 2296 Alle-ll-ia.
925 2229 1123 2296 Alie-ln-ia.
1238 2227 1437 2295 Allelii-ia.

330 2378 364 2447 4.
385 2379 424 2448 Α.
447 2379 481 2449 d.
666 2382 699 2450 5.
962 2381 994 2449 6.
1216 2381 1248 2448 l.
1271 2387 1306 2450 el
1323 2381 1359 2449 8.

324 2786 513 2856 Alle-lil-ia.
619 2787 808 2856 Alie-ll-ia.
911 2790 1101 2856 Alie-ln-ia.
1205 2790 1395 2856 Alie-ln-ia.

318 3109 473 3184 Modus
494 3110 732 3184 cantandi«
752 3111 890 3186 Amen
909 3134 933 3185 »
952 3111 994 3185 in
1013 3111 1098 3185 fine
1117 3111 1404 3207 Hymnorum.

422 3289 611 3358 l.l.et2.
673 3289 817 3359 3.el4.
910 3290 1052 3360 nete.
1137 3289 1279 3359 l.et8.

244 3393 1470 3702 Μ

472 3723 606 3787 A-men.
700 3723 835 3788 A-men.
927 3722 1061 3788 A-men.
1156 3724 1290 3789 Amen.

510 4025 670 4096 Notanda
689 4025 786 4095 eirca
806 4025 953 4095 cantum
972 4025 1200 4114 Hymnorum.

281 4200 325 4256 Ad
341 4198 533 4263 Matutinum,
556 4199 670 4256 laudes
690 4198 716 4256 81
737 4197 896 4274 Vesperas,
919 4198 1029 4275 Hymni
1045 4215 1161 4275 semper
1174 4201 1332 4256 cantantur
1347 4197 1377 4254 in
1392 4197 1467 4255 tonis

239 4289 374 4365 propriis,
392 4288 447 4346 nisi
463 4289 575 4346 ratione
585 4287 749 4364 aliquarum
760 4285 1000 4358 Solemnitatum,
1015 4287 1060 4346 vel
1071 4285 1251 4346 Ollavarum
1262 4287 1465 4352 incidentium,
