3159 4792
498 315 652 384 Tonus
673 311 878 394 capituli.
1201 311 1306 406 [187]

50 460 1311 659 Q

79 741 229 806 Videns
246 732 356 806 nutem
376 741 486 823 qui-a
510 737 673 824 plani-ret
687 740 793 820 Judae-
810 739 848 815 is,
870 736 1022 823 appiusu-
1037 738 1062 804 it
1095 749 1132 806 ut
1168 761 1281 824 appre-

88 1127 265 1195 hinderet
296 1129 326 1193 8ι
345 1131 486 1195 Petrum.
509 1130 545 1215 ιζ.
567 1128 664 1193 De-o
683 1127 798 1212 gri-ti·
816 1146 862 1193 as.

115 1273 257 1356 Quando
276 1273 389 1338 ultima
406 1272 500 1338 aellio
520 1272 667 1353 Capituli
682 1272 746 1337 erit
757 1291 821 1336 vox
839 1271 1069 1352 monosyllaba,
1090 1271 1173 1337 sieut
1189 1272 1223 1336 in
1243 1273 1309 1338 Ca-

59 1371 173 1452 pitulo
194 1369 308 1456 Surge,
331 1370 518 1437 illuminire
533 1369 724 1452 Jerissalem,
746 1370 780 1434 in
799 1370 972 1452 Epiphania
990 1370 1132 1444 Domini,
1149 1375 1208 1436 aut
1224 1371 1311 1437 habe-

66 1470 118 1534 bit
135 1474 298 1534 accentum
318 1473 445 1536 acutum
463 1469 497 1533 in
513 1470 595 1553 fine,
615 1469 698 1534 si'cut
715 1468 749 1533 in
769 1468 919 1549 Capitulo
938 1469 1018 1554 Regi
1039 1467 1246 1546 soeculorum,
1267 1473 1333 1563 ael·

66 1568 229 1644 Primam,
251 1573 325 1633 tunc
345 1569 530 1650 Capitulum
547 1567 744 1632 concluditur
761 1567 903 1650 sequenti
914 1570 1015 1632 modo.

134 1993 233 2058 super
251 1984 284 2040 te
328 1984 397 2040 orta
442 1984 502 2040 est.
520 1978 556 2061 sp.
579 1974 675 2038 De-o
693 1972 812 2057 gri-ti·
830 1992 876 2038 as.

119 2119 159 2183 Si
175 2118 348 2184 occurrerit
364 2117 625 2202 interrogativum
643 2117 678 2181 in
695 2116 808 2190 medio,
828 2120 977 2182 cantatur
996 2137 1008 2182 .·

77 2516 161 2592 Quis
188 2526 238 2582 est
256 2516 321 2591 hic,
342 2516 372 2579 8ι
392 2515 610 2581 laudi-bimus
638 2534 671 2579 e·
686 2513 768 2579 um?

361 2826 519 2935 Toni
556 2823 1034 2936 Versiculorum.

124 3053 156 3121 1.
186 3055 221 3119 ln
248 3053 347 3119 Festis
374 3054 576 3135 Duple'eibns,
603 3052 863 3133 Semiduplieilus
886 3055 919 3115 et
941 3051 1115 3116 Dominicis
1138 3055 1182 3116 ad
1204 3071 1308 3117 munes

83 3154 193 3227 Horas,
210 3157 285 3234 post
300 3154 507 3226 Notlurnum,
528 3154 580 3216 vel
597 3151 754 3235 liomnum
772 3154 831 3214 ant
847 3149 1088 3230 Responsoeinm
1107 3151 1207 3214 breve.

83 3291 1310 3502 Q

86 3552 116 3627 t.
138 3548 339 3634 Diri-gitur
363 3546 515 3615 Domi-ne
561 3548 694 3615 o-ri-ti-
714 3569 734 3612 o
754 3568 821 3612 me
844 3568 875 3612 a.

89 3670 121 3751 sp.
146 3665 230 3731 Sicut
267 3664 437 3731 incinsum
476 3666 508 3730 in
545 3662 722 3748 conspiitu
770 3674 822 3730 tu·
845 3683 877 3728 ο.

130 3808 160 3877 2.
179 3810 213 3873 ln
232 3808 332 3874 Feriis
350 3813 382 3874 et
390 3808 496 3874 Fastis
514 3808 712 3890 Simplicitas
729 3810 773 3872 ad
790 3825 894 3872 omnes
915 3805 1030 3872 Horas.

90 3947 1310 4158 Q

94 4208 122 4284 p.
143 4203 287 4271 Domi-ne
332 4207 367 4272 in
386 4207 476 4272 caelo
498 4203 760 4271 mi·se-ri-c6rdi-
782 4223 801 4267 a
829 4212 881 4268 tu·
899 4221 929 4267 a.

96 4325 127 4408 n.
162 4321 195 4387 Et
214 4319 295 4388 viri·
319 4333 368 4388 tas
391 4332 462 4389 tuo
526 4339 631 4406 usque
666 4321 707 4386 ad
821 4319 950 4384 nu-bes.
