3159 4792
458 337 523 408 De
549 335 697 410 Cantu
722 338 1023 421 Hymnorum.
1245 342 1349 437 [197]

122 481 170 540 vel
183 480 339 557 Temporis
353 479 508 539 Paschalis.
527 480 633 557 Excipe
647 488 737 540 tonos
752 482 940 558 Hymnorum
950 484 1011 558 Jam
1025 485 1065 542 sot
1078 487 1178 544 recedit
1196 489 1302 567 egaea,
1322 492 1350 548 in

123 571 258 648 Vesperis
282 570 417 637 Sabbati,
445 569 538 627 Primo
560 571 603 628 die
620 589 673 648 quo
697 570 830 641 Trinitas,
852 572 975 630 AEterne
992 593 1082 631 rerum
1102 573 1250 644 Conditor,
1273 579 1352 638 Lucis

123 660 242 720 Creator
253 661 360 738 optare,
378 661 413 717 ad
430 659 621 727 Matutinum,
639 659 941 738 laudesdrVesperas
952 662 981 719 in
993 662 1155 722 Dominicis
1165 684 1216 741 per
1226 685 1349 738 annum,

123 752 172 826 qui
188 767 340 826 nunquam
356 754 519 816 mutantur,
532 747 600 807 licet
614 754 713 807 essent
727 749 801 808 infra
815 747 959 809 Octavam
971 751 1016 809 vel
1028 751 1193 832 Doxologia
1203 763 1281 815 esset
1290 777 1353 816 nru-

122 841 222 898 tanda.

161 929 272 1006 Hymni
291 944 344 1003 pro
364 926 451 985 Horis
469 926 647 994 minoribus,
670 926 806 986 videlicet
826 928 936 998 Prima,
959 927 1073 996 Tertia,
1095 930 1199 1002 Sexta,
1221 933 1351 994 Nona&

121 1017 335 1094 Completorio,
356 1021 514 1075 cantantur
533 1034 649 1092 semper
667 1017 723 1074 sub
741 1023 816 1075 tono
836 1018 988 1076 Festorum
1008 1021 1243 1090 occurrentium,
1265 1027 1352 1082 dum-

121 1109 213 1166 modo
226 1107 325 1186 (quod
339 1123 455 1182 semper
470 1105 694 1184 intelligendum
710 1105 773 1183 est)
787 1107 847 1164 sint
860 1108 992 1184 ejusdem
1007 1109 1103 1167 metri.

161 1197 267 1255 Praeter
281 1197 357 1254 hanc
373 1193 506 1273 regulam
521 1193 688 1272 generalem
708 1195 784 1254 circa
805 1195 993 1272 Hymnorum
1012 1203 1102 1256 tonos
1122 1218 1175 1276 pro
1195 1201 1281 1260 Horis
1297 1203 1352 1261 mi-

120 1286 251 1353 noribus,
268 1286 453 1343 observanda
467 1290 554 1342 erunt
569 1302 682 1360 eaquae
698 1285 745 1343 hic
759 1287 950 1345 adnotantur.

159 1375 306 1451 Tempore
320 1375 486 1441 Adventus,
510 1373 539 1430 in
560 1373 722 1432 Dominicis
741 1375 767 1432 dr
787 1374 890 1441 Feriis,
912 1377 1078 1434 dummodo
1098 1377 1239 1437 Officium
1258 1381 1296 1438 sit
1314 1382 1351 1439 de

119 1465 281 1541 Tempore,
299 1463 410 1539 Hymni
425 1465 462 1520 ad
476 1459 568 1521 ditias
589 1462 682 1520 Horas
702 1463 811 1521 debent
830 1464 941 1522 cantari
962 1483 1048 1541 super
1067 1473 1173 1525 tonum
1188 1468 1298 1545 Hymni
1313 1471 1350 1528 ad

120 1557 244 1623 Laudes,
262 1553 306 1610 En
319 1553 397 1609 clara
409 1570 473 1617 vox,
491 1558 525 1610 ut
539 1556 658 1611 notatur
673 1552 702 1609 in
717 1551 863 1628 Vesperali
879 1555 916 1611 ad
931 1554 1176 1631 Completorium,
1194 1577 1224 1634 p.
1244 1575 1290 1637 59.

159 1645 189 1702 ln
204 1642 366 1702 Nativitate
381 1641 510 1706 Domini,
527 1642 589 1717 ejus
605 1637 728 1705 Otlava,
745 1643 771 1700 dr
786 1642 816 1698 in
832 1642 923 1701 Testis
938 1647 1010 1701 tunc
1024 1647 1247 1704 occurrentibus
1259 1665 1351 1724 usque

119 1736 156 1793 ad
181 1733 385 1810 Epiphaniam,
411 1731 551 1789 dicuntur
574 1747 662 1805 super
679 1729 743 1803 jesu
765 1731 917 1809 redemptor
939 1734 1074 1799 omnium,
1101 1752 1170 1792 cum
1190 1736 1351 1814 doxologia

120 1841 250 1900 propria.

160 1913 191 1970 ln
211 1910 371 1988 Epiphania
391 1908 525 1976 Domini,
548 1925 599 1984 per
617 1914 712 1967 totam
732 1906 877 1968 octavam
899 1911 924 1968 dr
944 1910 973 1968 in
994 1912 1085 1970 Testis
1104 1930 1171 1987 quae
1190 1913 1264 1973 sorte
1279 1920 1351 1975 tunc

120 2002 344 2066 celebrarentur,
362 2004 519 2058 cantantur
532 2016 620 2074 super
635 1996 762 2055 Crudelis
776 1997 904 2064 Herodes,
922 2018 990 2058 cum
1005 2001 1166 2079 doxologia
1181 2004 1308 2079 propria.

159 2091 306 2168 Tempore
320 2088 572 2164 Quadragesimae‚
591 2088 620 2145 in
636 2087 798 2145 Dominicis
813 2089 839 2146 dr
854 2088 952 2154 Feriis,
966 2089 1076 2166 Hymni
1092 2093 1128 2148 ad
1140 2090 1232 2150 Horas
1242 2094 1352 2152 debent

121 2181 232 2241 cantari
247 2195 335 2255 super
348 2183 455 2235 tonum
471 2177 521 2252 qui
537 2182 658 2234 notatur
669 2194 723 2252 pro
738 2175 941 2253 Completorio
952 2179 981 2235 in
992 2181 1236 2256 Quadragesima,
1250 2202 1279 2258 p.
1297 2183 1351 2241 128

120 2272 208 2348 hujus
222 2267 385 2344 Vesperalis
401 2266 444 2342 (in
460 2265 600 2329 Diurnali,
614 2285 642 2341 p.
666 2263 743 2342 ¹5¹)·
761 2267 927 2324 dummodo
941 2266 1081 2326 Officium
1098 2269 1135 2326 sit
1145 2271 1182 2327 de
1192 2267 1348 2348 Tempore,

120 2361 191 2419 alias
206 2377 267 2417 non
280 2375 286 2427 ;
305 2355 450 2415 Passionis
466 2372 537 2412 vero
552 2361 694 2430 tempore,
712 2373 800 2431 super
817 2355 927 2413 Vexitta
942 2355 1020 2434 Regis
1030 2359 1178 2433 prodeunt.

161 2447 308 2524 Tempore
324 2443 455 2502 Paschali
470 2444 496 2501 dr
512 2443 540 2501 in
561 2443 652 2500 Festis
671 2443 893 2502 occurrentibus
912 2443 985 2522 (nisi
1001 2445 1084 2503 aliter
1098 2447 1247 2522 notetur),
1265 2467 1352 2526 super

121 2547 227 2597 tonum
252 2533 437 2612 paschalem,
465 2538 497 2590 ut
519 2538 639 2590 notatur
658 2551 686 2607 p.
708 2529 762 2604 46,
784 2550 853 2590 cum
873 2533 1033 2610 doxologia
1052 2535 1180 2611 propria.
1203 2536 1255 2594 Per
1274 2537 1351 2596 idem

120 2635 240 2703 tempus
254 2625 392 2702 Hymnus
406 2623 443 2680 ad
458 2621 600 2697 Vesperas
615 2622 651 2679 de
664 2619 811 2696 Tempore
827 2621 913 2680 habet
928 2627 1033 2680 tonum
1054 2625 1217 2701 proprium.
1240 2625 1351 2702 Hymni

121 2735 194 2776 vero
207 2717 245 2774 ad
260 2712 450 2778 Matutinum,
474 2710 587 2768 Laudes
607 2711 632 2768 dr
652 2709 793 2786 Vesperas
814 2711 843 2768 in
863 2710 970 2770 Officio
989 2713 1025 2770 de
1045 2712 1157 2771 Sanctis
1177 2721 1349 2783 cantantur,

122 2807 176 2865 nisi
191 2806 274 2864 aliter
289 2806 418 2870 notetur,
434 2817 523 2876 super
542 2798 640 2857 Tristes
653 2804 735 2856 erant
748 2799 882 2876 Apostoli.

161 2895 191 2952 ln
206 2892 396 2958 Ascensione,
414 2907 465 2966 per
478 2894 573 2946 totam
589 2885 734 2946 Ottavam
748 2889 775 2946 dr
790 2887 820 2945 in
836 2888 927 2946 Festis
941 2891 1180 2960 occurrentibus,
1198 2909 1286 2969 super
1300 2893 1353 2950 Sa-

121 2986 187 3043 lutis
202 2986 327 3041 turano
340 2984 425 3037 sator.

161 3075 192 3131 ln
216 3072 302 3129 Festo
323 3069 509 3127 Pentecostes
530 3067 557 3124 dr
575 3083 626 3143 per
644 3070 740 3124 totam
765 3063 921 3134 Ottavam,
944 3085 1031 3144 super
1046 3068 1109 3141 Jam
1129 3068 1257 3128 Christus
1275 3075 1353 3129 astra

120 3162 279 3222 ascenderat
292 3161 343 3234 (ut
358 3164 479 3216 notatur
493 3174 546 3232 pro
561 3154 777 3230 Completorio,
796 3174 825 3231 p.
848 3156 935 3234 190),
954 3174 1022 3215 cum
1037 3157 1198 3236 doxologia
1212 3161 1329 3236 propria
1343 3177 1349 3230 ;

119 3257 243 3327 excepta
256 3247 365 3314 Tertia,
383 3247 412 3304 in
428 3264 486 3322 qua
500 3245 608 3304 dicitur
623 3244 760 3320 Hymnus
777 3243 850 3301 Veni
864 3243 982 3304 Creator
996 3247 1050 3304 sub
1065 3252 1139 3306 tono
1153 3250 1283 3325 proprio.

161 3341 192 3397 ln
208 3339 293 3397 Festo
307 3338 352 3396 Ss.
370 3334 534 3402 Trinitatis,
551 3350 639 3410 super
646 3333 710 3407 jam
722 3333 761 3390 sot
774 3334 875 3391 recedit
888 3334 990 3410 igneus.

161 3430 193 3487 ln
207 3427 401 3486 Solemnitate
415 3424 553 3500 Corporis
568 3422 686 3489 Christi,
705 3439 757 3499 per
770 3428 865 3480 totam
881 3419 1025 3481 Ottavam
1045 3426 1072 3483 dr
1091 3425 1120 3482 in
1141 3426 1232 3485 Testis
1251 3445 1355 3486 occur-

123 3519 264 3584 rentibus,
282 3531 369 3593 super
386 3515 471 3587 dem
487 3518 572 3576 terra,
584 3517 697 3589 portus,
713 3513 816 3578 sidera,
835 3511 864 3569 id
878 3517 923 3569 est
938 3512 967 3568 in
981 3518 1055 3571 tono
1069 3514 1096 3571 dr
1110 3533 1178 3573 cum
1193 3515 1354 3595 doxologia

122 3611 158 3667 de
173 3607 204 3666 B.
223 3607 263 3664 Μ.
280 3605 328 3670 V.,
346 3611 379 3663 ut
394 3609 514 3661 notatur
528 3603 565 3659 ad
580 3599 826 3677 Completorium,
844 3620 872 3677 p.
890 3597 929 3672 46
944 3601 973 3657 in
988 3600 1057 3660 tine.

162 3697 193 3755 ln
204 3693 480 3772 Transfiguratione
491 3690 621 3757 Domini,
635 3707 723 3766 super
732 3689 840 3746 Salutis
850 3690 1069 3760 bumanasator,
1078 3697 1112 3749 ut
1121 3692 1150 3749 in
1161 3693 1351 3770 Ascensione.

162 3786 193 3843 ln
208 3785 349 3843 omnibus
364 3780 456 3840 Testis
471 3781 502 3838 Β.
520 3780 559 3837 Μ.
577 3779 626 3845 V.,
643 3780 668 3838 dr
683 3778 758 3836 infra
772 3795 875 3836 eorum
891 3775 1029 3840 Ottavas.
1046 3781 1072 3838 ἃ
1087 3783 1206 3856 quando
1221 3783 1257 3840 de
1272 3800 1305 3840 ea
1320 3781 1356 3839 fit

123 3873 264 3932 Officium
288 3874 318 3931 in
342 3871 487 3936 Sabbato‚
509 3884 596 3944 super
616 3867 702 3940 Qeem
722 3871 796 3924 erra
816 3866 864 3944 (p.
885 3864 925 3939 46
945 3867 974 3924 in
993 3866 1085 3946 ime),
1107 3886 1176 3927 cum
1195 3869 1355 3948 doxologia

145 3981 177 4022 ro
200 3981 251 4021 rra.

123 3983 143 4040 p
164 3983 197 4109 lli
211 4053 296 4110 Festo
311 4050 456 4107 Omnium
472 4043 646 4104 Santlorum
662 4062 713 4122 per
726 4051 822 4104 totam
838 4041 982 4103 Ottavam
998 4046 1023 4103 dr
1043 4046 1072 4103 in
1092 4046 1182 4104 Festis
1202 4063 1357 4105 occurren-

124 4142 214 4209 tibus,
231 4157 319 4217 super
334 4139 449 4197 Placere
464 4135 574 4194 Christe
587 4135 710 4192 servulis.

164 4231 194 4287 ln
210 4230 296 4288 Festo
310 4227 493 4286 inventionis
507 4225 538 4282 S.
554 4223 656 4282 Crucis
670 4221 780 4301 (si‘irat
794 4221 940 4298 Tempore
960 4222 1118 4302 Paschali),
1140 4225 1195 4282 sub
1214 4230 1288 4283 tono
1306 4242 1357 4301 pa-

125 4319 226 4379 schali.
243 4317 308 4398 (Ad
322 4318 464 4394 Vesperas
478 4319 613 4372 servatur
626 4319 716 4371 tonus
729 4312 866 4390 proprius
881 4311 991 4387 Hymni
1009 4311 1118 4371 Vestite
1133 4311 1238 4395 Regis.)
