3159 4792
382 279 595 355 Officium
616 281 809 352 Parvum
835 280 883 351 Β.
906 282 963 353 Μ.
984 282 1035 353 V.
1245 282 1325 377 [79]

598 437 666 499 Pro
688 436 832 497 Sanctis.

142 1245 240 1293 e·o:
279 1229 309 1293 81
354 1228 430 1293 e-rit
466 1228 498 1293 in
528 1229 611 1293 di·e
666 1229 722 1293 ilia
776 1229 834 1293 iux
854 1247 984 1314 magna,
1023 1227 1196 1295 aileitiia.
1266 1274 1269 1281 -

185 1355 215 1432 i.
238 1354 315 1419 Ecce
333 1351 499 1438 apparebit
520 1352 683 1421 Dominus
703 1372 800 1437 super
819 1354 941 1420 nubem
961 1353 1146 1419 cindidam.

186 1453 221 1539 ii.
245 1454 375 1520 Etcum
395 1473 435 1519 eo
454 1452 641 1520 sanctorum
662 1452 778 1519 millia.

644 1562 772 1623 Oratio.

96 1658 379 1833 Conscienvins
404 1670 759 1751 nostras-quaesumus
782 1658 939 1736 Domine,
966 1660 1130 1726 visitindo
1154 1660 1286 1745 purifica
1313 1681 1321 1728 :

193 1768 230 1824 ut
253 1756 390 1826 veniens
409 1760 501 1843 iesus
524 1759 673 1827 Christus
697 1757 800 1824 Filius
823 1767 901 1825 tuus
924 1757 1088 1826 Dominus
1113 1769 1223 1826 noster
1247 1781 1322 1827 cum

92 1853 252 1923 omnibus
270 1855 404 1935 sanetis,
427 1858 569 1943 para'tam
590 1859 653 1925 sibi
674 1858 708 1923 in
730 1857 826 1924 nobis
846 1856 992 1924 inveniat
1017 1856 1235 1925 mansionem.
1256 1860 1323 1940 Qui

91 1964 202 2021 tecum
222 1956 306 2023 vivit
324 1958 353 2023 8ι
374 1967 498 2044 regnat.

489 2081 556 2158 Ad
583 2081 928 2181 completorium.

138 2218 259 2283 Psalmi
275 2223 308 2284 et
324 2220 466 2305 Hymnus
484 2223 635 2303 utsupra
652 2224 744 2285 extra
762 2220 955 2293 Adventum,
977 2215 1058 2309 [75].

255 2335 459 2412 Capitulum.
998 2336 1075 2393 lentie
1089 2354 1118 2413 7.
1135 2356 1160 2395 e.

175 2450 231 2498 cce
251 2434 350 2518 Virgo
369 2433 575 2518 concipiet&
595 2434 695 2519 piriet
714 2434 841 2509 filium,
864 2434 893 2499 8ι
913 2434 1082 2501 vocibitur
1107 2453 1227 2501 nomen
1252 2438 1323 2521 ejus

192 2532 398 2599 Emmzinuei.
421 2533 577 2619 Bityrum
596 2534 625 2599 81
646 2535 710 2598 mel
729 2532 889 2609 comedet,
913 2542 949 2599 ut
967 2534 1047 2600 sciat
1066 2534 1233 2617 reprobire
1254 2556 1322 2599 ma-

95 2631 176 2705 ium,
198 2628 364 2715 &eligere
384 2633 522 2699 bonum.
545 2632 579 2719 ¹i·
603 2634 671 2697 Deo
689 2631 820 2718 gritias.

134 2748 163 2817 i.
180 2747 312 2825 Angelus
328 2748 446 2808 Domini
462 2747 609 2807 nuntiivit
625 2744 733 2807 Mariae.
751 2752 783 2825 ei.
802 2746 836 2806 fit
851 2747 991 2825 conce'pit
1006 2750 1042 2807 de
1057 2746 1167 2825 Spiritu
1183 2746 1301 2809 Sentio,

138 2857 191 2920 Ad
208 2857 301 2922 Nune
319 2857 463 2933 dimittis,
484 2858 570 2922 Anio.
593 2855 733 2942 Spiritus
752 2854 901 2923 Sentius.
921 2857 1009 2923 utin
1029 2858 1184 2940 Vesperis.

134 2972 221 3049 Kyrie
235 2972 355 3034 eleison.
371 2974 515 3052 etreliqua
529 2994 591 3032 cum
606 2974 737 3032 Oratione
747 2973 840 3042 Deus,
852 2973 907 3050 qui
922 2975 959 3032 de
974 2972 1078 3033 bettae.
1096 2977 1233 3053 utsupra.

195 3116 291 3191 Post
309 3116 562 3193 Nativitatem
580 3138 709 3214 usque
731 3116 780 3193 ad
800 3115 1002 3193 Purificat.
1023 3115 1218 3193 inclusive

140 3252 281 3336 Officium
299 3255 336 3318 B.
360 3254 474 3320 Marte
491 3254 608 3321 dicitur
626 3258 665 3318 ut
680 3258 771 3319 extra
789 3255 982 3327 Adventum,
1003 3257 1058 3319 sed
1075 3254 1266 3335 Antiphone
1279 3260 1324 3321 ad

97 3350 245 3431 Vesperas
263 3355 295 3416 et
313 3350 425 3417 Oratio
443 3356 487 3417 ad
504 3372 609 3417 omnes
627 3352 731 3418 Horas
749 3352 899 3417 dicuntur
918 3353 1006 3417 utin
1026 3351 1056 3417 C
1057 3352 1281 3418 ircunuisivne.

138 3469 192 3531 Ad
210 3468 398 3554 Magnuieat
413 3473 445 3534 et
461 3474 505 3535 ad
522 3469 615 3535 Nune
633 3468 777 3542 dimitiis,
799 3467 992 3550 Antiphone.
1016 3470 1184 3555 Magnum.
1206 3488 1260 3556 99.

139 3584 247 3669 Kyrie,
269 3583 327 3650 &e
352 3584 476 3652 Oratio.
498 3585 601 3661 Deus,
624 3586 681 3669 qui
707 3584 835 3651 salitis.
862 3588 917 3672 98.
944 3587 999 3650 Ad
1023 3586 1176 3668 Vespeeas
1199 3591 1321 3653 tantum

98 3684 280 3750 terminetur
300 3685 438 3750 breviori
452 3685 648 3750 conclusione
669 3682 820 3749 :Filium
841 3693 949 3753 tuum.
971 3687 1006 3770 ii.
1029 3684 1148 3750 Amen.

499 3837 692 3933 Tempore
719 3834 914 3911 Paschali.

141 3971 280 4053 Officium
302 3972 338 4037 Β.
366 3972 481 4037 Murice
507 3973 651 4057 Virginis
673 3972 791 4038 dieitur
819 3972 902 4037 sient
926 3977 1018 4037 extra
1046 3975 1242 4048 Adventum,
1267 3980 1323 4041 sed

97 4074 137 4134 ad
154 4070 340 4156 Magnificot
356 4075 447 4136 etad
465 4071 558 4137 Nunc
577 4071 721 4145 dimittis,
742 4072 859 4137 dieitur
878 4073 963 4136 And.
986 4069 1110 4158 Regina
1129 4072 1209 4137 caeii.
1233 4069 1317 4165 [73].

139 4178 323 4260 Antiphonis
340 4182 456 4255 autem,
479 4180 530 4258 ii.
553 4183 584 4243 et
602 4180 662 4266 idid.
685 4198 747 4243 non
765 4180 897 4245 additur
916 4180 951 4244 in
960 4179 1032 4264 fine
1051 4177 1205 4246 Allelt'tia.

577 4316 870 4362 -—-›t‹—-
