3159 4792
350 276 585 367 Domtntc'a
605 293 721 366 infra
741 294 839 368 oct.
863 295 1129 367 Nativitatts.
1285 295 1339 365 aa

151 443 192 508 Si
213 443 338 508 Festum
362 441 550 506 Natiuitatis
573 440 714 515 Domini,
741 440 775 505 S.
803 441 964 522 Stephani,
990 441 1025 506 S.
1043 441 1177 522 loannis
1199 442 1339 525 Euange-
1375 483 1378 488 -

107 542 202 613 lisia,
223 540 275 606 Ss.
298 539 522 612 Innocentium,
542 544 696 604 eteorum
714 539 780 604 dies
800 539 926 604 Oitava
944 541 1089 604 venerint
1106 539 1336 612 inDominica,

108 640 175 722 ipso
194 638 246 703 dic
263 638 347 702 nibil
356 638 403 722 fit
418 639 456 702 dc
474 637 652 711 Dominica,
673 639 728 702 scd
745 638 796 701 die
809 638 957 719 proximo
971 641 1046 719 post
1061 636 1185 702 Festum
1200 638 1234 702 S.
1263 635 1340 702 Tho-

106 757 166 803 ma
186 736 355 816 Marpuis,
369 736 417 820 fit
431 738 470 800 cie
487 755 536 810 ea,
557 739 596 800 ut
612 736 707 819 infla.

151 863 192 928 Si
208 863 333 927 Festum
352 861 387 926 S.
410 859 532 926 lbomu
552 861 738 943 impediatur
755 882 776 926 a
796 861 979 936 Dominica,
999 863 1173 927 celebratur
1197 881 1232 925 eo
1255 880 1339 926 anno

107 962 200 1026 Ferm
218 963 355 1025 secunda
374 960 549 1042 insequenti
566 964 721 1044 tamquam
739 959 772 1022 in
790 963 861 1024 sede
870 959 1013 1042 propria,
1030 965 1060 1024 el
1074 960 1107 1023 in
1122 958 1258 1024 Sabbata
1267 964 1343 1040 post

109 1059 295 1124 Orationem
317 1058 369 1124 Ss.
390 1058 602 1123 Innocentium
622 1057 738 1122 dieitur
763 1058 959 1140 Antiphona,
986 1060 1018 1135 p.
1039 1063 1071 1122 et
1094 1057 1206 1123 Oratio
1230 1058 1340 1124 Domi-

107 1159 204 1231 m'cce,
224 1177 295 1241 qua
304 1158 403 1238 paulo
421 1157 507 1240 infra
525 1157 665 1230 babetur,
692 1174 746 1242 94.
773 1157 893 1221 Deinde
909 1158 956 1241 fit
975 1158 1222 1227 commemoratio
1247 1156 1340 1222 Olta-

107 1275 245 1335 vorum,·
260 1258 293 1319 et
305 1255 338 1318 iu
352 1254 494 1320 secundis
509 1254 653 1334 Vesperis
667 1254 840 1319 Dominicoe
847 1256 893 1340 fil
904 1255 1151 1320 commemoratio
1165 1256 1199 1321 S.
1220 1254 1340 1321 lboma

106 1359 138 1418 ei
160 1353 364 1418 Oltaoarum.
392 1355 427 1417 ln
450 1353 485 1416 ll.
510 1353 655 1434 Vesperis
673 1354 708 1418 S.
736 1351 1136 1435 Thoma,Ant1phomael
1159 1355 1281 1419 Psalmi
1302 1357 1340 1418 ele

107 1452 299 1526 Natiuitate,
321 1454 340 1514 8
343 1470 375 1537 3,
397 1469 465 1534 qua
483 1451 685 1534 duplicantur
706 1473 717 1516 .·
737 1451 921 1533 Capitulum
942 1458 974 1518 et
989 1454 1055 1517 alia
1069 1455 1107 1517 de
1121 1453 1155 1517 S.
1173 1452 1337 1526 Silvestro,

105 1570 178 1617 cum
195 1569 353 1616 commum.
376 1550 410 1615 S.
438 1547 558 1616 Tbomce
576 1554 607 1616 et
626 1549 827 1616 Odavarum.

600 1813 641 1875 bie
655 1813 691 1875 29.
708 1813 856 1876 letemlm's.

290 1965 338 2061 S.
374 1965 561 2062 Thomae
589 1967 814 2089 Episcopi
846 1974 895 2062 ot
928 1967 1171 2089 Martyria.

632 2147 815 2224 Semiduplex.

153 2289 275 2356 Omnia
297 2292 335 2354 de
359 2290 527 2354 Communi
553 2290 647 2354 unius
675 2291 842 2370 Maronis.
875 2289 999 2355 Oratio.
1027 2290 1129 2366 Deus,
1161 2311 1219 2374 pro
1246 2292 1339 2376 cujus

107 2385 260 2454 Ecolisia.
284 2392 443 2468 utsupra,
465 2406 520 2472 92.

140 2517 193 2597 ‘Si
209 2531 334 2597 Festum
353 2532 387 2596 S.
410 2529 531 2596 iborea
549 2551 612 2596 non
630 2533 752 2596 venerit
765 2533 799 2596 in
813 2532 990 2607 Dominica,
1009 2533 1152 2616 Officium
1166 2534 1339 2599 Dominica

107 2633 147 2709 fit
164 2631 216 2695 die
236 2629 411 2694 immudiate
428 2631 567 2713 sequenti
587 2631 710 2695 Festum
729 2631 837 2712 ipsius,
859 2633 923 2696 nisi
931 2633 1037 2717 fucrit
1058 2633 1244 2706 Sabbatum,
1265 2633 1339 2716 qnia

109 2734 184 2794 tunc
201 2732 242 2793 dc
259 2728 425 2793 Dominica
436 2729 483 2812 fit
500 2732 622 2793 tantum
640 2731 888 2794 commemoratio
912 2731 946 2794 in
968 2732 991 2795 l.
1015 2731 1159 2812 Vesperis
1181 2731 1217 2796 S.
1238 2731 1340 2795 Silue-

107 2828 189 2908 slri,·
218 2830 252 2892 et
277 2827 311 2891 in
335 2826 470 2892 Sabbata
488 2828 535 2912 fit
557 2826 698 2912 Officium
721 2831 759 2894 de
784 2828 902 2894 Oltaoa
926 2829 1129 2902 Natiuitatis,
1151 2833 1188 2894 ut
1209 2830 1340 2916 inferius

108 2926 250 3007 ponitur.

230 3205 474 3302 Dominioa
505 3207 629 3303 inira
664 3207 894 3304 Octavam
927 3209 1219 3305 Natiuitatis,

154 3412 194 3479 In
219 3411 262 3478 ll.
288 3410 454 3498 vesperis
480 3411 515 3481 S.
542 3412 694 3494 Thomae‚
719 3419 844 3500 quondo
868 3435 931 3479 non
954 3416 1076 3481 verneil
1100 3417 1133 3481 in
1159 3415 1336 3490 Dominica,

112 3512 301 3592 Antiphone
314 3515 346 3575 et
357 3512 478 3577 Psalmi
489 3516 528 3577 de
541 3513 728 3587 Nativitate,
746 3517 765 3578 8
768 3533 801 3600 3,
822 3515 890 3579 ritu
906 3515 1110 3596 semiduplici.

273 3655 475 3731 Capitulum.
1033 3659 1129 3716 Galat.
1146 3677 1176 3734 4.

111 3765 331 3933 Faustus:
348 3766 480 3841 Qtanto
494 3761 640 3848 timpora
660 3766 762 3830 haeres
776 3765 932 3848 pbrvulus
946 3776 1005 3841 est,
1026 3767 1106 3830 nihii
1123 3767 1230 3831 differt
1243 3787 1260 3829 a
1275 3785 1340 3832 ser-

207 3881 262 3938 vo,
288 3881 364 3928 cum
388 3861 431 3929 sit
454 3859 610 3930 dbminus
633 3861 783 3930 bmnium
812 3882 820 3929 :
846 3866 902 3930 sed
926 3867 988 3931 sub
1012 3863 1177 3931 tutbribus
1201 3865 1231 3929 81
1253 3863 1340 3931 acto-

112 3960 200 4026 ribus
219 3969 269 4026 est
289 3979 392 4044 usque
411 3962 452 4026 ad
471 3960 669 4046 praefinitum
689 3972 821 4045 tempus
840 3985 857 4028 a
877 3975 976 4048 patre.

154 4087 308 4168 Hymnus.
326 4087 399 4167 Jesu
420 4086 620 4173 Rede'mptor
638 4086 802 4154 bmnium.
825 4094 985 4171 utsupra,
1007 4093 1060 4156 80.

199 4215 231 4290 p.
254 4213 398 4279 Verbum
417 4234 490 4281 caro
509 4213 632 4281 saltum
653 4226 713 4292 est,
735 4216 879 4283 alleluia.

198 4313 234 4396 ti.
256 4312 294 4378 Et
314 4312 473 4380 habiiivit
492 4314 525 4380 in
546 4315 654 4392 nobiS,
676 4315 821 4381 alleluia.
