3159 4792
242 182 346 273 [104]
603 182 735 253 Festa
756 182 1032 253 Decembris.
1054 182 1136 253 26.

289 630 368 685 tem.
390 617 532 684 Fi-li-ae
569 618 814 700 iem-satem,
841 620 919 702 quid
945 639 997 684 me
1054 618 1268 683 admi-raimi-
1309 617 1382 683 ni?
1407 618 1457 682 Di-

277 1041 404 1108 vi-num
431 1052 479 1107 est
499 1040 621 1128 myste-
640 1043 682 1106 ri·
705 1062 775 1117 um,
807 1044 867 1107 hoc
886 1042 976 1124 quod
994 1039 1157 1107 cerni-tis.
1202 1042 1224 1105 E
1247 1060 1269 1105 u
1292 1061 1319 1105 o
1342 1059 1367 1105 u
1392 1061 1457 1104 ae.

278 1166 385 1227 Comm.
403 1166 496 1225 Ferrir.
514 1167 589 1225 Ario.
607 1166 774 1225 OAdonai.
792 1184 841 1243 7¹·

269 1420 342 1515 26.
382 1418 769 1515 commemoratio
805 1416 1019 1515 Omnium
1052 1417 1130 1514 Sa.
1167 1418 1450 1539 Martyrum

506 1587 543 1663 in
563 1588 659 1663 Festo
680 1588 710 1663 S.
731 1587 898 1685 Stephani
918 1586 1193 1685 Protomurtpris¹

282 1752 316 1816 In
336 1751 373 1817 II.
392 1750 537 1831 Vesperis
557 1750 743 1816 Natiuitatis
762 1750 902 1815 Domini.
925 1749 1009 1813 Aria.
1032 1746 1167 1814 istorum
1187 1758 1238 1814 est
1258 1749 1372 1814 enim.
1397 1747 1469 1839 [29]-

319 1872 346 1937 ᾖ.
365 1866 517 1925 Laetamini
534 1866 562 1923 in
579 1865 718 1923 Domino

787 1946 914 2007 Oratio.

241 2039 394 2207 Dum,
416 2037 472 2118 qui
495 2055 554 2102 nos
573 2034 682 2101 annua
702 2032 887 2100 sanitorum
908 2034 1083 2120 Martyrum
1104 2032 1235 2099 tuorum
1264 2055 1471 2101 commemo

350 2133 470 2199 ratione
491 2132 632 2200 laetificas
655 2152 662 2196 ε
684 2131 823 2199 concide
847 2131 1007 2215 propitius
1028 2141 1091 2211 ;ut
1114 2151 1258 2214 quorum
1284 2134 1470 2217 gaudemus

239 2232 376 2306 meritis,
397 2234 609 2297 accendamur
627 2231 800 2315 exemplis.
823 2231 880 2295 Per
897 2228 1091 2295 Dominum.

282 2358 317 2421 ln
336 2356 373 2421 ΙΙ.
393 2356 546 2439 Vesperis,
568 2357 653 2422 Ario.
676 2356 826 2422 Gaudent
846 2357 879 2419 in
898 2356 998 2421 caeiis.
1021 2350 1102 2444 [31].
1125 2356 1156 2433 i.
1180 2356 1424 2423 Exsoluibunt.

281 2590 372 2655 Alibi
390 2592 453 2655 huc
473 2590 732 2655 Commemoroiio
748 2590 791 2670 fit
807 2594 845 2655 ut
860 2589 1011 2673 sequitur.

717 2716 756 2775 In
770 2715 797 2775 1.
814 2714 987 2791 vesperis.

397 3061 526 3070 —
783 3003 794 3060 Ι

296 3007 342 3191 Ι
444 3128 505 3193 -sti
543 3125 755 3202 suntsanttt
778 3145 862 3209 quos
890 3124 1015 3210 e-ie-git
1038 3122 1212 3190 Domi-nus
1257 3124 1291 3191 in
1312 3146 1371 3190 ca-
1394 3128 1439 3192 ri-

270 3548 351 3615 tui-te
390 3568 455 3614 non
477 3546 572 3627 fictam
609 3549 710 3613 dc-dit
751 3550 831 3613 ii-iis
854 3546 974 3632 glo-ri·
996 3566 1049 3611 am
1079 3545 1342 3630 sempiternam.

325 3676 355 3751 ti.
375 3674 456 3753 Justi
477 3672 649 3756 epulentur
668 3673 696 3735 δι
715 3674 881 3738 exsultent
900 3672 931 3736 in
952 3668 1128 3753 conspeetu
1148 3671 1218 3736 Dei.

325 3775 359 3856 pi.
382 3772 418 3837 Et
436 3768 636 3837 deletiontur
657 3770 688 3834 in
711 3768 833 3836 laetitia.

786 3887 914 3948 Oratio.

238 3989 391 4156 Dum,
414 3986 470 4067 qui
492 3984 681 4069 glorificaris
696 3985 730 4049 in
745 3982 885 4049 concilio
900 3979 1087 4048 santtorum
1104 3981 1282 4067 Martyrum
1296 3982 1443 4051 tuorum
1464 4006 1470 4048 :

345 4082 467 4166 respice
490 4082 529 4145 ad
554 4100 662 4164 preces
686 4082 883 4147 humilitatis
907 4090 1046 4160 nostrae3
1072 4089 1109 4145 ut
1132 4099 1273 4162 quorum
1302 4081 1472 4148 solemnia

234 4180 446 4255 celebramus,
468 4177 580 4244 eorum
603 4177 751 4261 precibus
770 4179 915 4264 adJuvari
936 4177 1128 4244 mereamur.
1151 4178 1208 4244 Per
1225 4176 1431 4246 Dominum.
1514 4237 1516 4246 .
