3159 4792
240 281 317 349 114
612 278 787 353 Octava
810 279 1086 362 Epiphaniae.

282 425 302 511 ll
321 425 360 491 Si
377 425 495 491 Obiaoa
513 425 693 506 Epiphania
711 425 833 490 veranii
849 425 883 490 in
901 425 1079 500 Dominica,
1100 424 1182 491 nibil
1187 425 1233 510 fit
1244 427 1283 489 da
1295 423 1467 488 Dominico

122 518 125 527 '
237 524 356 606 inipso
375 523 573 599 dieOttova,
594 527 649 588 sod
667 526 788 588 tantum
812 523 846 588 in
869 517 893 588 l.
921 525 1065 604 Vesperis
1086 523 1152 588 diei
1174 522 1299 588 Octava
1314 523 1363 607 fit
1381 541 1467 586 com-

236 643 326 688 mem.
338 629 399 704 pro
413 623 450 687 ll.
469 622 613 704 Vesperis
626 621 800 687 Dominica
814 622 902 708 infra
917 621 1078 698 Obtaoam
1094 625 1133 686 do
1144 640 1207 706 qao
1219 621 1407 686 celebratum
1420 623 1469 684 est

238 720 381 807 Officium
407 740 442 785 eo
470 720 532 786 dio.
559 722 644 786 Ario.
671 719 749 796 Fili,
771 720 851 803 quid
870 718 986 787 fecisti.
1009 723 1041 800 il.
1064 721 1190 785 Omnes
1213 720 1253 785 de
1278 719 1372 784 Saba.
1400 717 1469 798 ῥα·

236 839 345 886 vorsus
363 819 457 886 eiiam
474 819 591 884 dicitnr
613 821 738 904 quando
763 817 882 884 Ottaoa
904 818 1084 901 Epiphaniae
1107 818 1230 884 venerit
1250 819 1283 882 in
1306 817 1399 882 Ferio
1422 816 1463 880 ll.

232 925 293 1000 pro
311 918 598 984 commemoratione
617 917 790 982 Dominica
809 917 844 981 in
862 918 885 982 l.
909 917 1052 999 Vesperis
1069 917 1135 982 diei
1152 916 1289 981 Obiaoa.
1427 943 1430 948 ·

385 1197 440 1293 ln
473 1197 558 1294 Die
594 1197 777 1294 Octava
810 1196 1099 1319 Epiphaniae.
1126 1195 1310 1322 Duplex.

228 1481 234 1488 Ι
281 1395 316 1460 ln
333 1397 358 1460 l.
377 1395 520 1477 Vesperis
538 1397 644 1462 omnia
662 1397 811 1463 amantur
824 1397 907 1462 sabat
919 1397 953 1462 in
966 1397 990 1460 l.
1010 1395 1154 1477 Vesperis
1168 1393 1361 1477 Epiphania,
1377 1413 1468 1458 exco-

163 1497 165 1504 ’
230 1498 289 1576 pta
309 1493 471 1561 Oratione.

785 1585 913 1646 Oratio.

238 1693 393 1862 Deire,
414 1693 508 1777 cujus
527 1690 723 1777 Uniginitus
748 1693 780 1759 in
806 1692 987 1759 substintia
1012 1702 1130 1759 nostrae
1151 1691 1257 1757 camis
1278 1689 1430 1774 apprimit
1456 1707 1465 1752 z

342 1801 469 1875 praesta,
491 1809 702 1874 quaesumus3
729 1802 766 1858 ut
788 1809 845 1876 per
867 1811 956 1868 eum,
978 1811 1077 1874 quem
1097 1788 1242 1858 similem
1263 1788 1360 1856 nobis
1385 1789 1467 1853 foris

236 1886 448 1973 agnbvimus,
473 1889 563 1956 inlus
584 1889 748 1956 reformiri
769 1890 963 1956 mereimur.
985 1890 1050 1969 Qui
1073 1899 1181 1956 tecum
1202 1887 1297 1953 vivit.

183 2101 187 2108 .
279 2041 318 2107 Si
335 2041 453 2108 Obiova
471 2043 650 2124 Epiphania
668 2043 790 2110 venerit
802 2045 836 2109 in
850 2043 998 2118 Sabbata,
1020 2043 1054 2108 in
1067 2043 1104 2108 ll.
1124 2041 1268 2123 Vesperis
1284 2039 1412 2106 Otiova
1418 2040 1468 2125 fit

234 2159 389 2206 comnnm.
406 2141 580 2206 Dominica
594 2141 631 2206 ll.
641 2146 716 2224 post
726 2142 929 2224 Epiphaniam
941 2139 1044 2225 (Aria.
1062 2138 1210 2224 Suscipit
1230 2139 1327 2204 Deus.
1349 2137 1381 2217 i.
1400 2138 1466 2202 Ve-

235 2235 422 2326 spertina.).
447 2277 492 2288 —
516 2241 651 2323 Quanam
674 2244 778 2307 antem
801 2241 1033 2326 Septuagesinm
1055 2239 1178 2305 venerit
1198 2239 1233 2303 in
1250 2236 1418 2302 Dominico
1435 2236 1461 2301 Ι.

230 2341 305 2419 post
323 2335 471 2403 Obiaoam
489 2339 684 2420 Epiphania,
706 2343 780 2405 tuno
799 2340 832 2404 in
846 2341 951 2422 primo
970 2338 1106 2404 Sabbato
1120 2342 1194 2420 post
1211 2335 1376 2410 Obtavam,
1398 2355 1465 2400 non

235 2437 381 2517 impedito
398 2436 487 2502 Festo
505 2437 550 2503 IX
566 2437 751 2512 Lebiionum,
772 2438 913 2522 alioquin
926 2438 1031 2520 prima
1048 2437 1101 2502 dia
1113 2441 1187 2519 post
1205 2434 1355 2501 Obiavam
1376 2432 1465 2517 (non

236 2534 382 2616 impedita
401 2535 489 2600 Festo
507 2536 669 2624 Duplici),
684 2538 732 2622 fit
744 2535 887 2620 Officium
900 2541 939 2602 do
952 2537 1056 2610 Faria,
1072 2555 1142 2600 cnm
1155 2534 1336 2615 Antrpbono
1349 2535 1393 2596 ad
1405 2533 1465 2595 Be-

234 2633 372 2699 nedibtns
394 2638 427 2698 ot
444 2633 596 2700 Oratione
614 2635 788 2701 Dominicca
806 2637 843 2701 ll.
861 2640 935 2716 post
954 2635 1158 2716 Epiphaniam
1181 2655 1193 2700 .·
1216 2635 1272 2697 sed
1291 2635 1331 2696 de
1353 2629 1465 2716 Officio

235 2731 332 2813 ipsius
350 2732 524 2798 Dominica
542 2734 623 2799 nibil
638 2735 680 2814 fit
697 2735 730 2798 in
749 2735 904 2817 Vesperis.
921 2735 970 2798 De
987 2733 1077 2799 Festo
1095 2752 1169 2798 vero
1187 2729 1391 2811 Somiduplici
1406 2729 1465 2793 bac

234 2830 285 2896 dio
307 2836 484 2897 occurrente
498 2833 546 2917 fit
568 2837 689 2899 tantam
711 2833 960 2898 commemoratio
977 2833 1012 2897 in
1032 2831 1172 2916 atrisque
1191 2827 1345 2910 Vesperis.
1369 2827 1467 2909 Qcod

234 2929 264 2994 si
285 2933 350 2993 tota
372 2929 573 2996 Hebdomada
588 2932 693 3015 fuerit
712 2931 802 2996 Festo
825 2931 955 3012 Duplici
977 2929 1134 3012 impedita,
1161 2933 1234 2995 tunc
1254 2928 1288 2994 in
1310 2926 1464 3008 noaino

234 3027 371 3092 Sabbata
382 3029 431 3114 fit
450 3029 696 3102 commanoratio
718 3027 822 3114 Officii
838 3030 928 3117 bajus
946 3030 1121 3094 Dominica
1133 3031 1178 3093 aa
1189 3028 1310 3092 Mucios
1324 3028 1459 3091 mnium.

279 3169 460 3240 Dominioa
479 3172 505 3240 l.
522 3178 601 3259 post
620 3171 861 3260 Epiphaniam,
876 3193 946 3257 quo
959 3178 1008 3239 est
1019 3173 1104 3259 infra
1119 3171 1268 3238 Onaoom
1280 3172 1333 3235 ool
1345 3171 1380 3234 in
1394 3169 1464 3251 ipsa

234 3270 283 3335 dio
303 3268 431 3344 Ottava,
452 3270 570 3337 dicitnr
590 3271 732 3357 Officium
750 3276 917 3338 secundum
935 3272 1115 3339 Rubricam.

404 3470 615 3566 samam
649 3470 683 3565 1.
719 3478 832 3592 post
865 3471 967 3567 oct.
1003 3431 1291 3591 Epiphania.

277 3653 327 3724 lld
350 3657 541 3745 VesperaS,
569 3659 689 3734 omnm,
711 3665 830 3741 prator
856 3659 1055 3732 Orationem,
1081 3658 1176 3723 utin
1203 3656 1374 3731 Psallam,
1401 3673 1459 3742 31.

233 3756 327 3838 Qcod
342 3761 487 3822 servatur
506 3757 539 3822 in
557 3759 631 3824 aliis
649 3757 796 3824 Sabbatis
814 3779 909 3844 usqrm
926 3763 970 3824 aa
987 3757 1264 3843 Septuagesimam.

780 3885 908 3947 Oratio.

323 3997 496 4046 nmeomiis
515 3981 710 4065 sempiterne
730 3983 829 4058 Deus,
851 3983 907 4066 qui
927 3982 1067 4049 caelbstia
1086 3983 1187 4047 simul
1203 3981 1233 4045 81
1248 3979 1372 4045 terrena
1387 4001 1463 4046 mo-

339 4080 486 4145 deliris:
508 4079 760 4164 supplicatibnes
784 4080 896 4166 pbpuli
923 4082 971 4148 tui
995 4079 1171 4147 clembnter
1194 4079 1327 4156 excludi,
1348 4080 1379 4144 bi
1404 4100 1463 4164 pa-

229 4197 299 4243 cem
321 4189 410 4244 tuam
431 4178 550 4245 nostris
569 4179 707 4245 concide
726 4179 941 4265 tempbribus.
964 4181 1021 4246 Per
1038 4177 1232 4245 Dbminum.

273 4295 394 4360 Deinde
405 4297 497 4380 finnt
515 4296 831 4364 Commemorationos
845 4299 957 4382 posita
975 4299 1010 4363 in
1027 4295 1200 4374 Ρειιῖίεήο,1
1217 4296 1270 4381 38.
