3159 4792
211 284 289 353 372
556 283 823 357 festarum.
847 284 994 353 raro.
1017 282 1098 353 20.
1182 250 1214 259 ”

1091 432 1432 441 --W

245 574 316 671 18.
392 575 441 671 S.
473 574 654 671 Camilli
680 576 738 669 de
765 572 915 670 Lellis
942 570 1255 664 Confessoris

649 734 768 813 uapux.
787 732 862 812 (m.
878 736 907 795 t.
923 733 984 812 v.)

753 870 882 932 Oratio.

302 988 368 1046 eus,
392 969 448 1053 qui
469 965 618 1035 sannam
637 966 828 1041 Camillum,
850 968 890 1032 ad
909 966 1094 1033 animorum
1115 968 1148 1032 in
1170 966 1315 1034 extromo
1334 964 1441 1052 agone

321 1065 515 1134 iuoiintium
537 1065 739 1142 subsidium,
761 1066 920 1152 singulori
945 1066 1087 1133 caritotis
1111 1064 1321 1152 praerogativa
1344 1067 1439 1132 deco-

212 1166 287 1233 risti
319 1184 327 1231 ι
358 1168 439 1251 ejus,
470 1184 673 1249 quaesumus,
700 1162 826 1231 moritis
854 1165 1006 1249 spiritum
1037 1165 1132 1230 nobis
1159 1175 1224 1233 tuae
1250 1162 1441 1230 dileoiionis

212 1265 369 1345 inionde3
396 1275 432 1331 ut
456 1264 489 1329 in
510 1267 586 1329 hora
606 1263 713 1329 exitus
734 1265 836 1329 nostri
857 1267 984 1330 hostem
1005 1262 1148 1340 vincere,
1169 1264 1198 1329 u
1217 1265 1257 1330 ad
1275 1262 1437 1329 caeiostem

213 1364 395 1429 mereomur
412 1361 563 1428 coronam
585 1360 760 1447 pervenire.
784 1364 840 1428 Per
858 1360 1052 1428 Dominum.

253 1470 357 1529 Comm.
376 1471 407 1529 S.
424 1469 525 1529 Alexii.
544 1470 618 1529 Aria.
636 1469 690 1528 Hic
705 1470 760 1527 vir.
779 1466 854 1551 [47].
872 1472 901 1539 i·
914 1470 1032 1548 Justum
1047 1470 1178 1528 deduxit.
1197 1471 1279 1528 Orat.
1297 1486 1365 1548 37¹·

251 1578 356 1637 Deinde
370 1577 400 1641 S.
412 1576 643 1657 symphorosa
659 1582 694 1640 ot
708 1581 837 1657 septem
848 1575 998 1639 tiliorum
1010 1575 1084 1656 ojus
1095 1578 1264 1638 Martinam.
1276 1577 1351 1636 Aria.
1365 1578 1439 1637 isto

212 1686 277 1727 rum
293 1674 337 1727 est
351 1668 441 1726 enim.
460 1662 535 1749 [29].
553 1670 582 1737 i.
600 1666 764 1727 Laeta'mini.

782 1766 910 1828 Oratio.

143 1860 146 1869 “
214 1867 368 2036 Deus,
390 1865 447 1947 qui
468 1883 528 1931 nos
546 1863 697 1931 concidis
716 1862 903 1931 sanotorum
924 1864 1102 1951 Monyrum
1122 1864 1254 1932 tuorum
1274 1867 1438 1952 Sympho-

320 1960 399 2029 rosae
421 1963 451 2027 a
474 1961 617 2029 filiorum
642 1965 712 2048 ejus
736 1961 879 2029 natalitia
903 1962 1007 2030 coiere
1035 1982 1042 2029 :
1074 1965 1235 2031 danobis
1260 1965 1293 2030 in
1318 1964 1437 2030 aetorna

212 2058 411 2129 beatitudine
430 2060 601 2128 decorum
621 2062 773 2129 societite
791 2061 941 2148 gaudore.
964 2064 1021 2128 Per
1039 2061 1233 2129 Dominum.

254 2178 285 2237 V
282 2183 335 2255 esp.
351 2198 369 2237 a
383 2176 478 2256 Capit.
495 2178 527 2236 de
540 2181 670 2256 sequenti,
688 2198 783 2237 comm.
796 2180 913 2256 pracati.

246 2403 316 2499 19.
385 2405 434 2501 S.
461 2405 699 2502 vincentii
725 2431 754 2502 a
779 2405 927 2501 Paulo
955 2403 1267 2497 Confessoris.

655 2566 774 2645 Duplex.
793 2565 869 2645 (m.
885 2570 914 2629 t.
930 2566 992 2645 v.)

761 2683 889 2746 Oratio.

215 2788 372 2953 DeuS,
394 2782 451 2865 qui
471 2782 511 2847 ad
530 2782 821 2868 evangelizindum
842 2780 1053 2866 pautioribus
1075 2782 1104 2848 u
1123 2784 1329 2852 ecclesiostici
1351 2783 1440 2852 ordi-

319 2881 371 2947 nis
394 2878 541 2947 decorem
567 2880 846 2965 promovondum,
869 2881 1000 2947 beotum
1026 2880 1236 2949 Vincontium
1260 2883 1438 2968 apostolica

211 2978 331 3046 virtote
350 2979 505 3045 roborosti
529 2997 536 3043 :
558 2990 684 3063 praesta,
705 2997 918 3063 quaesumus3
940 2990 977 3047 ut
994 2984 1088 3067 cujus
1107 2982 1159 3065 pia
1179 2981 1292 3049 morita
1308 2984 1439 3049 venero-

213 3095 298 3152 mur,
320 3074 478 3144 virtutum
499 3096 631 3161 quoque
652 3078 853 3145 instruimur
871 3078 1042 3162 exomplis.
1064 3082 1121 3146 Per
1139 3078 1333 3148 Dominum.

252 3191 359 3250 Comm.
376 3192 407 3251 S.
426 3194 546 3253 Camilli.
563 3193 639 3252 Aia.
656 3195 709 3254 Hic
724 3195 779 3253 vir.
798 3192 873 3276 [47].
888 3198 917 3265 i.
930 3197 1048 3274 Justum
1063 3199 1194 3256 dodoxit.

254 3300 334 3378 Vesp.
351 3321 369 3358 a
384 3300 479 3379 Capit.
496 3302 529 3361 de
541 3322 609 3380 seq„
625 3322 721 3361 comm.
732 3304 851 3381 praeced.
867 3308 895 3362 ei
909 3303 941 3361 S.
958 3304 1122 3382 Margarita
1139 3305 1169 3363 V
1167 3307 1218 3384 irg.
1234 3310 1262 3363 ct
1277 3306 1366 3364 Mart.

243 3516 316 3613 20.
352 3518 399 3614 S.
429 3518 704 3641 Hieronymi
729 3519 970 3615 AEmiliani
996 3517 1308 3611 confessoris.

653 3670 772 3749 Duplex.
797 3670 873 3750 (m.
888 3674 918 3733 t.
933 3670 993 3749 v.)

759 3789 888 3851 Oratio.

300 3903 355 3952 eus
376 3886 668 3953 misericordiirum
691 3898 789 3971 pater,
808 3906 864 3972 per
882 3886 996 3954 morita
1015 3889 1044 3954 ot
1065 3886 1328 3954 intercessionem
1349 3889 1434 3955 beiti

317 3982 524 4070 Hieronymi,
546 4004 645 4068 quem
670 3983 824 4069 orphanis
848 3985 1030 4071 adjutorem
1050 3987 1079 4052 oz
1099 3997 1222 4071 patrem
1242 4006 1312 4054 esse
1331 3987 1437 4055 volui-

208 4084 249 4148 sti
273 4100 280 4146 :
301 4080 459 4163 concode3
483 4094 519 4149 ut
539 4082 689 4166 spiritum
714 4083 914 4168 adoptionis,
936 4106 1003 4169 quo
1022 4085 1084 4151 filii
1106 4086 1153 4152 tui
1176 4086 1434 4152 nominamur&

208 4200 336 4255 sumus,
358 4179 496 4247 odoiiter
514 4182 749 4248 custodiimus.
772 4184 831 4249 Per
849 4182 1042 4251 Dominum.

249 4295 355 4354 Comm.
373 4296 404 4355 S.
426 4296 568 4357 Vincentia·
577 4316 594 4357 n
610 4298 707 4360 Paulo.
725 4298 801 4360 Aria.
818 4300 872 4359 Hic
888 4300 942 4359 vir.
961 4297 1036 4386 [47].
1054 4303 1082 4371 i.
1095 4302 1213 4383 justum
1229 4301 1360 4362 dedoxit.
