3159 4792
441 328 698 401 Commune
723 327 1059 411 Apostolorum.
1312 329 1363 423 [9]
1416 348 1421 353 ·

151 474 282 550 offla·
663 515 681 557 ι

83 601 88 610 ,
185 572 251 632 7.a

346 647 364 690 ι
1006 649 1024 692 ι
1144 649 1227 692 ιι

177 661 257 828 D
350 762 503 847 ltu-pisti
530 761 681 829 Domi-ne
749 762 896 830 vincu-la
916 784 985 829 me·
1009 786 1026 828 a
1049 783 1056 831 :
1082 765 1157 830 ti-bi
1191 766 1337 832 sacri-f-

169 1162 260 1229 cit-bo
294 1161 463 1228 hosti-am
486 1161 602 1228 laudis.
656 1162 725 1227 Eu
754 1182 774 1227 o
803 1182 824 1228 u
853 1184 871 1227 a
899 1182 928 1228 e.

298 1294 462 1365 Psalmus
482 1294 559 1363 115.
777 1303 860 1371 tiosa
880 1306 915 1371 in
935 1303 1111 1391 conspootu
1127 1305 1262 1373 Domini
1278 1326 1366 1375 mors

141 1406 336 1580 Caelum,
349 1413 479 1489 propter
492 1404 582 1487 quod
598 1403 726 1470 locutus
776 1401 964 1470 samiorum
984 1406 1054 1490 eJus
1077 1423 1084 1468 :

237 1522 311 1571 sum
334 1521 341 1568 :
368 1502 462 1587 *ego
486 1512 595 1567 autem
616 1501 726 1567 hurni-
821 1503 851 1567 O
884 1500 1025 1568 Domine
1053 1504 1131 1585 quia
1159 1523 1221 1588 ego
1253 1524 1366 1573 servus

140 1601 239 1668 licitus
259 1620 333 1667 sum
354 1601 465 1666 nimis.
776 1610 875 1666 tuus:
888 1600 903 1631 *
919 1620 980 1686 ego
995 1620 1107 1667 servus
1123 1610 1213 1677 tuus,
1230 1604 1259 1667 81
1275 1602 1367 1670 filius

93 1767 97 1775 ,
182 1701 249 1783 Ego
267 1700 334 1765 dixi
358 1698 390 1763 in
415 1697 547 1764 excossu
575 1716 679 1763 meo:
710 1696 724 1729 *
776 1696 905 1763 ancillae
924 1709 1001 1764 tuae.

137 1798 259 1863 Omnis
278 1798 380 1862 homo
401 1797 551 1861 mendax.
822 1794 978 1880 Dirupisti
999 1795 1130 1863 vincula
1151 1818 1222 1863 mea
1243 1817 1251 1863 ε
1273 1797 1364 1865 *tibi
1445 1854 1451 1868 .

182 1896 271 1973 Quid
283 1893 456 1960 retribuam
468 1893 726 1977 Domin0,*pro
777 1894 962 1960 sacrificabo
995 1893 1136 1961 hostiam
1175 1898 1305 1975 laudis,
1336 1900 1365 1963 ot

138 1992 294 2060 omnibus
313 2013 387 2077 quae
407 1992 555 2059 retribuit
574 1992 682 2057 mihi?
778 2010 898 2058 nomen
918 1990 1051 2057 Domini
1073 1993 1244 2060 invocdbo.

181 2090 322 2157 Cilicem
343 2092 493 2157 salutaris
512 2087 668 2174 accipiam
688 2106 694 2153 :
711 2087 727 2120 *
820 2091 903 2155 Vota
923 2111 995 2155 mea
1018 2089 1160 2157 Domino
1180 2093 1309 2158 reddam
1331 2094 1364 2159 in

138 2190 167 2255 δι
188 2209 309 2255 nomen
330 2186 463 2255 Domini
485 2188 655 2253 invocabo.
775 2185 951 2272 conspootu
972 2189 1080 2254 omnis
1099 2188 1213 2274 populi
1234 2193 1329 2276 ejus:
1351 2190 1366 2223 ⁸

182 2289 265 2353 Vota
281 2307 350 2352 mea
367 2286 510 2352 Domino
526 2287 656 2352 reddam
672 2305 725 2353 co·
776 2288 810 2351 in
829 2286 920 2352 iatriis
938 2288 1058 2354 domus
1078 2286 1224 2365 Domini,
1248 2290 1280 2354 in
1297 2288 1366 2355 mo-

140 2406 206 2451 ram
227 2386 318 2451 omni
338 2384 461 2470 populo
485 2386 555 2471 ejus
580 2403 588 2450 ε
616 2383 631 2417 *
656 2404 726 2469 pre·
774 2385 830 2450 dio
849 2384 897 2450 tui
914 2384 1103 2465 Jerdsalem.

355 2846 369 2856 -
394 2810 490 2877 untes
531 2808 558 2874 i·
584 2809 663 2875 bant
726 2808 755 2873 δι
787 2808 933 2885 lle-bant,
973 2806 1141 2875 mittontes
1177 2809 1315 2877 somi-na

137 2940 1367 3153 Q

167 3220 262 3268 su-a.
329 3198 601 3267 Euouae.

301 3341 465 3411 Psalmus
489 3341 567 3411 125.
778 3346 1362 3418 nobiscum:*fattlsumuslaetantes.

142 3453 207 3621 In
223 3448 442 3515 convertondo
452 3448 615 3515 Dominus
627 3450 727 3533 capti·
820 3445 979 3515 Converte
1018 3445 1160 3513 Domine
1196 3450 1367 3533 captivita-

211 3548 346 3614 vitaltem
366 3547 445 3613 Sion
463 3566 470 3612 :
488 3547 503 3579 ¹¹
519 3545 594 3614 laoii
610 3565 726 3618 sumus
777 3556 843 3612 tem
865 3554 1026 3622 nostram,
1048 3545 1063 3578 *
1083 3547 1169 3613 sicut
1186 3556 1311 3614 torrens
1330 3549 1364 3614 in

141 3647 226 3712 sicut
243 3646 416 3713 consoldti.
777 3644 909 3710 Austro.

182 3743 274 3810 Tunc
294 3743 455 3828 replotum
475 3753 525 3809 est
543 3742 663 3827 giudio
688 3762 726 3809 os
820 3741 885 3819 Qui
913 3740 1078 3808 sominant
1107 3744 1140 3807 in
1171 3741 1329 3821 locrimis,
1350 3742 1366 3774 *

138 3853 311 3909 nostrum:
330 3840 344 3873 *
363 3842 393 3907 u
414 3843 527 3926 lingua
543 3852 653 3908 nostra
671 3861 726 3906 ex·
777 3840 812 3904 in
832 3837 1051 3905 exsultatione
1070 3850 1205 3906 metent.

139 3939 328 4007 sultatione.
821 3938 941 4004 Edntes
956 3938 1047 4004 ibant
1060 3938 1091 4002 81
1107 3938 1241 4016 flebant,
1259 3938 1273 3969 ⁸
1288 3940 1364 4006 mit·

182 4038 274 4105 Tunc
301 4040 410 4104 dicent
435 4039 518 4103 inter
535 4046 649 4120 gentes
678 4054 685 4100 :
712 4035 726 4066 *
776 4035 882 4101 tontes
901 4034 1027 4101 somina
1047 4055 1116 4102 sua.

141 4120 530 4221 Magnifi'cdvitDominus
541 4134 724 4201 licerecum
820 4131 996 4200 Veniontes
1014 4144 1123 4200 autem
1143 4131 1274 4201 vonient
1287 4154 1362 4200 cum

140 4234 198 4300 eis.
776 4228 1011 4308 exsultatione,
1032 4228 1047 4262 *
1069 4233 1233 4316 portantes
1259 4232 1365 4298 mani-

183 4332 404 4416 Magnifica'avit
429 4329 592 4397 Dominus
625 4331 726 4397 licere
777 4330 874 4414 pulos
892 4347 982 4395 suos.
