3159 4792
424 271 810 346 commemoratio
829 277 887 348 de
909 276 1065 351 Cruce.
1312 288 1363 357 37

141 413 1365 487 mmmmmmmfflfflnoofflcffloomemrmffiffl

418 670 806 768 commemoratio
840 675 898 770 de
926 674 1091 772 Cruce.

178 896 210 961 in
228 896 350 962 Feriali
363 899 487 962 tantum
506 895 625 982 Officio,
646 898 740 964 etr'am
753 903 879 983 quando
892 920 957 965 non
970 902 1120 968 dr'cuntur
1138 904 1247 970 Preces
1255 928 1269 987 ,·
1287 926 1358 991 quae

136 995 326 1080 seqrrentibus
346 996 700 1062 Conmemorationious
713 999 931 1079 promittitur

360 1413 457 1480 ER
431 1433 565 1500 signnm
584 1413 709 1482 Crucis
767 1415 808 1480 de
859 1415 1048 1484 inimi-cis
1073 1419 1193 1485 nostris
1237 1417 1328 1486 libe-

131 1291 1354 1795 ἕῇὣῖἒ

180 1851 210 1896 ra
252 1850 314 1898 nos
333 1831 394 1896 De·
414 1849 453 1896 us
478 1840 597 1896 noster.

170 1957 199 2035 i.
221 1955 343 2022 Omnis
361 1966 443 2022 terra
462 1955 572 2023 adoret
591 1966 634 2032 te,
656 1955 686 2020 ἃ
706 1957 824 2041 psallat
841 1957 915 2023 tibi.

170 2057 203 2142 ri.
225 2055 392 2120 Psalmum
413 2054 499 2119 dicat
518 2053 645 2121 nomini
666 2063 724 2120 tuo
743 2053 897 2120 Domine.

300 2187 453 2255 Oromus.
1044 2190 1168 2258 Oratio.

132 2301 339 2470 Penenron
360 2315 437 2373 nos,
459 2315 651 2379 quaesumus
671 2294 829 2374 Domine,
851 2317 929 2381 pace
951 2295 1078 2364 custodi
1102 2317 1109 2363 :
1131 2318 1216 2382 quos
1234 2321 1291 2386 per
1310 2303 1348 2369 ii-

214 2415 320 2484 gnum
340 2395 461 2462 sanoiae
479 2395 589 2462 Crucis
610 2395 767 2462 redimere
786 2395 942 2481 dignitus
960 2415 1006 2462 es.

166 2565 355 2650 Tempore
377 2565 561 2635 Paschali
579 2588 600 2633 a
617 2567 710 2633 Feria
727 2568 765 2633 li.
782 2570 856 2650 post
873 2568 1070 2634 Dominicam
1090 2570 1124 2633 in
1143 2571 1235 2636 Aliis
1252 2591 1347 2656 usque

127 2669 166 2730 ad
177 2666 405 2740 Anemonem,
428 2669 492 2732 tam
511 2667 544 2731 in
564 2665 672 2751 Officio
695 2670 732 2731 de
757 2664 900 2747 Tempore
918 2685 1011 2750 quam
1024 2671 1063 2732 de
1075 2667 1210 2742 Sandis,
1226 2669 1292 2734 nisi
1304 2670 1348 2735 sit

128 2763 256 2845 Duplex,
277 2768 337 2830 aut
354 2765 439 2850 infra
458 2763 619 2840 Odovam,
640 2765 757 2830 diciorr
775 2784 902 2848 sequens

310 3189 372 3255 Ru
361 3209 443 3256 cem
486 3185 631 3256 sanoiam
669 3191 777 3257 soh-i·
806 3191 841 3263 it,
921 3191 979 3272 qui
1053 3189 1216 3257 infernum
1248 3210 1326 3258 con-

152 3627 262 3714 fregit
316 3627 491 3696 aceinous
518 3640 567 3698 est
587 3627 752 3715 potenti
771 3651 802 3707 a,
837 3627 987 3696 surrexit
1009 3631 1060 3695 di·
1086 3651 1103 3694 e
1139 3628 1203 3695 ter
1204 3631 1245 3696 t1
1262 3652 1293 3708 a,

178 4037 261 4101 alie
339 4036 399 4104 lo?
391 4055 433 4103 ia.

163 4160 191 4236 i.
211 4159 313 4228 Dicite
332 4164 364 4228 in
386 4161 584 4238 nationibuS,
606 4161 752 4228 alleloia.

164 4259 195 4342 ii.
215 4260 298 4339 Quia
317 4259 481 4327 Dominus
499 4260 647 4346 regnavit
665 4281 683 4324 a
704 4259 808 4346 iigno,
830 4256 972 4323 alleloia.
