3159 4792
235 284 285 352 10
499 282 625 354 Feria
644 259 860 356 Secunda
880 286 936 356 ad
960 289 1201 371 vesperas.

278 430 334 494 Per
357 429 444 492 diem
469 429 518 493 sol
547 445 612 494 non
633 437 703 494 uret
720 438 753 494 te
774 427 820 494 ε*
917 429 1080 498 ὓόῐηίηυε
1102 430 1265 497 custsdiat
1289 429 1460 498 intrriitum
1571 486 1573 516 ,

196 615 200 622 .
234 545 339 612 neque
359 528 436 591 luna
456 523 672 609 pernoctem.
872 527 1162 594 tuum&exitum
1184 528 1463 595 tuum:*exhoc

196 702 203 715 ι
278 622 442 688 Diminus
460 621 602 688 custddit
621 633 652 687 te
671 624 711 688 ab
728 624 820 688 omni
873 643 973 702 nunc,
994 626 1024 691 δι
1043 645 1147 710 usque
1166 626 1199 691 in
1220 629 1391 693 saeculum.

233 724 321 786 malo
339 739 346 785 :
364 718 553 786 *custridiat
565 719 709 785 inimarn
730 729 821 787 tuam

233 818 408 886 Diminus.

506 1667 696 1786 Arre-rura,
742 1712 905 1779 arie-rr·
897 1732 939 1790 ra,
966 1713 1166 1780 ar-re-ru-ra.

392 1856 596 1934 Capitulum.
1134 1875 1164 1915 π.
1182 1836 1249 1914 Cor.
1270 1873 1296 1913 r.

233 1964 481 2133 Bessorcrus
510 1962 612 2038 Deus,
639 1960 669 2025 δι
697 1963 787 2027 Pater
818 1959 950 2028 Dimini
982 1963 1083 2029 nostri
1108 1964 1181 2044 Jesu
1205 1961 1342 2038 Christi,
1369 1961 1461 2027 Pater

336 2061 643 2135 misericordiirum,
664 2060 801 2130 &Deus
824 2059 928 2126 totius
950 2057 1202 2136 consoratidnis,
1227 2060 1285 2142 qui
1309 2059 1460 2126 consoli-

231 2169 283 2225 tur
303 2176 362 2224 nos
384 2159 417 2223 in
437 2158 528 2224 omni
550 2156 761 2225 tribulatiiine
781 2168 902 2224 nostra

437 2712 583 2780 Mmense
609 2734 669 2780 cae-
654 2715 694 2779 l-i
720 2712 841 2781 Condi·
847 2724 908 2789 tor,
944 2713 1010 2793 Qui
1035 2715 1157 2779 mixta
1172 2733 1213 2779 ne
1243 2711 1422 2778 contirnde-

264 3126 476 3208 rent,Aquae
494 3125 640 3193 riu-enta
668 3125 856 3202 dr-vruens,
884 3127 1021 3192 cerum
1048 3123 1180 3191 ‹re-distr
1224 3123 1411 3190 rimi-tem:

275 3276 422 3342 Firmans
443 3278 551 3343 locum
571 3275 767 3353 celestibus,
914 3277 1030 3344 Lucem
1051 3277 1133 3343 fides
1152 3275 1333 3361 adiugeat:

231 3374 404 3458 Simulque
422 3385 514 3441 terrae
534 3375 649 3442 rivulis
675 3394 682 3441 :
869 3376 922 3441 Sic
941 3374 1079 3441 luminis
1093 3374 1190 3460 jubar
1208 3377 1287 3439 serat
1312 3391 1320 3438 :

232 3473 277 3539 Ut
295 3474 381 3539 unda
400 3473 550 3539 flammas
569 3472 737 3557 temperet,
869 3473 944 3538 Haec
963 3492 1045 3537 vana
1064 3469 1180 3538 cunita
1199 3468 1339 3555 prriterat
1364 3489 1372 3535 :

231 3571 336 3636 Terrae
355 3571 463 3637 solum
485 3589 525 3636 ne
544 3569 715 3656 dissipent.
869 3571 958 3636 Hanc
977 3572 1057 3635 falsa
1076 3569 1167 3635 nulia
1185 3568 1417 3652 «imprimant.

276 3694 410 3759 lniirnde
429 3712 527 3771 nunc,
550 3693 708 3779 piissime,
913 3696 1041 3769 Praesta,
1063 3695 1153 3759 Pater
1171 3691 1330 3776 piissime,

231 3793 362 3857 Donum
382 3791 533 3876 pere'nnis
551 3793 682 3877 gritiae:
868 3790 1017 3874 Patrique
1035 3810 1168 3875 compar
1187 3791 1299 3868 Unice,

231 3889 365 3955 Fraudis
384 3907 478 3955 novae
498 3909 537 3956 ne
556 3889 684 3956 cisibus
868 3891 952 3956 Cum
968 3888 1090 3972 Spiritu
1110 3888 1265 3954 Periclito

230 3990 298 4054 Nos
318 4006 404 4054 error
421 3988 535 4054 itterat
553 3999 658 4054 vetus.
868 3988 1020 4071 Regnans
1039 4005 1096 4070 per
1114 4005 1214 4052 omne
1232 3987 1404 4053 saeculum.

957 4086 1076 4149 Arnen.

274 4193 306 4272 ri.
330 4193 494 4279 Dirigitur
512 4190 653 4258 Dimine
667 4191 772 4258 oritio
794 4211 876 4257 mea.

275 4292 311 4375 ri.
333 4289 423 4357 Sicut
443 4289 612 4357 incensum
633 4289 667 4355 in
687 4287 862 4374 conspeetu
882 4297 953 4354 tuo·
