<?xml version="1.0" encoding="UTF-8"?>
<!DOCTYPE html PUBLIC "-//W3C//DTD XHTML 1.0 Transitional//EN"
    "http://www.w3.org/TR/xhtml1/DTD/xhtml1-transitional.dtd">
<html xmlns="http://www.w3.org/1999/xhtml" xml:lang="en" lang="en">
 <head>
  <title>
</title>
<meta http-equiv="Content-Type" content="text/html;charset=utf-8" />
  <meta name='ocr-system' content='tesseract 3.04.00' />
  <meta name='ocr-capabilities' content='ocr_page ocr_carea ocr_par ocr_line ocrx_word'/>
</head>
<body>
  <div class='ocr_page' id='page_1' title='image "./liberantiphonar00ritugoog/liberantiphonar00ritugoog_0247.png"; bbox 0 0 3159 4792; ppageno 0'>
   <div class='ocr_carea' id='block_1_1' title="bbox 237 285 1352 370">
    <p class='ocr_par' dir='ltr' id='par_1_1' title="bbox 237 285 1352 370">
     <span class='ocr_line' id='line_1_1' title="bbox 237 285 1352 370; baseline 0.008 -15"><span class='ocrx_word' id='word_1_1' title='bbox 237 285 488 358; x_wconf 46' lang='lat' dir='ltr'>‘Dominica</span> <span class='ocrx_word' id='word_1_2' title='bbox 508 288 579 358; x_wconf 78' lang='lat' dir='ltr'>vt.</span> <span class='ocrx_word' id='word_1_3' title='bbox 600 289 646 362; x_wconf 87' lang='lat' dir='ltr'>et</span> <span class='ocrx_word' id='word_1_4' title='bbox 666 287 756 360; x_wconf 85' lang='lat' dir='ltr'>vn.</span> <span class='ocrx_word' id='word_1_5' title='bbox 779 291 882 370; x_wconf 79' lang='lat' dir='ltr'>nost</span> <span class='ocrx_word' id='word_1_6' title='bbox 905 290 1222 362; x_wconf 81' lang='lat' dir='ltr'>Pentecosten.</span> <span class='ocrx_word' id='word_1_7' title='bbox 1276 293 1352 364; x_wconf 83' lang='lat'>223</span> 
     </span>
    </p>
   </div>
   <div class='ocr_carea' id='block_1_2' title="bbox 151 727 1278 807">
    <p class='ocr_par' dir='ltr' id='par_1_2' title="bbox 151 727 1278 807">
     <span class='ocr_line' id='line_1_2' title="bbox 151 727 1278 807; baseline 0.004 -13"><span class='ocrx_word' id='word_1_8' title='bbox 151 728 203 794; x_wconf 83' lang='lat' dir='ltr'>ni·</span> <span class='ocrx_word' id='word_1_9' title='bbox 218 745 278 794; x_wconf 89' lang='lat' dir='ltr'>ens</span> <span class='ocrx_word' id='word_1_10' title='bbox 297 727 426 796; x_wconf 81' lang='lat' dir='ltr'>offe-res</span> <span class='ocrx_word' id='word_1_11' title='bbox 451 749 573 796; x_wconf 86' lang='lat' dir='ltr'>munus</span> <span class='ocrx_word' id='word_1_12' title='bbox 593 737 645 797; x_wconf 90' lang='lat' dir='ltr'>tu·</span> <span class='ocrx_word' id='word_1_13' title='bbox 669 750 739 807; x_wconf 87' lang='lat' dir='ltr'>um,</span> <span class='ocrx_word' id='word_1_14' title='bbox 765 732 957 798; x_wconf 74' lang='lat' dir='ltr'>al-le-h&#39;t-ia.</span> <span class='ocrx_word' id='word_1_15' title='bbox 1002 733 1024 798; x_wconf 85' lang='lat' dir='ltr'>E</span> <span class='ocrx_word' id='word_1_16' title='bbox 1050 753 1071 800; x_wconf 91' lang='lat' dir='ltr'>u</span> <span class='ocrx_word' id='word_1_17' title='bbox 1100 755 1120 799; x_wconf 96' lang='lat' dir='ltr'>o</span> <span class='ocrx_word' id='word_1_18' title='bbox 1148 753 1169 799; x_wconf 91' lang='lat' dir='ltr'>u</span> <span class='ocrx_word' id='word_1_19' title='bbox 1198 756 1217 799; x_wconf 85' lang='lat' dir='ltr'>a</span> <span class='ocrx_word' id='word_1_20' title='bbox 1250 756 1278 799; x_wconf 90' lang='lat' dir='ltr'>e.</span> 
     </span>
    </p>
   </div>
   <div class='ocr_carea' id='block_1_3' title="bbox 122 875 1354 1153">
    <p class='ocr_par' dir='ltr' id='par_1_3' title="bbox 122 875 1354 1153">
     <span class='ocr_line' id='line_1_3' title="bbox 673 875 801 936; baseline 0.008 -1"><span class='ocrx_word' id='word_1_21' title='bbox 673 875 801 936; x_wconf 85' lang='lat' dir='ltr'><strong>Oratio.</strong></span> 
     </span>
     <span class='ocr_line' id='line_1_4' title="bbox 122 979 1354 1153; baseline 0.008 -112"><span class='ocrx_word' id='word_1_22' title='bbox 122 983 278 1153; x_wconf 66' lang='lat' dir='ltr'>Dan,</span> <span class='ocrx_word' id='word_1_23' title='bbox 302 981 359 1063; x_wconf 86' lang='lat' dir='ltr'>qui</span> <span class='ocrx_word' id='word_1_24' title='bbox 378 979 595 1065; x_wconf 70' lang='lat' dir='ltr'>diligentibus</span> <span class='ocrx_word' id='word_1_25' title='bbox 614 991 645 1047; x_wconf 88' lang='lat' dir='ltr'>te</span> <span class='ocrx_word' id='word_1_26' title='bbox 666 983 752 1048; x_wconf 85' lang='lat' dir='ltr'>bona</span> <span class='ocrx_word' id='word_1_27' title='bbox 778 980 958 1048; x_wconf 85' lang='lat' dir='ltr'>invisibilia</span> <span class='ocrx_word' id='word_1_28' title='bbox 984 985 1166 1069; x_wconf 64' lang='lat' dir='ltr'>preparasti</span> <span class='ocrx_word' id='word_1_29' title='bbox 1189 1005 1196 1050; x_wconf 93' lang='lat'>:</span> <span class='ocrx_word' id='word_1_30' title='bbox 1220 986 1354 1054; x_wconf 78' lang='lat' dir='ltr'>instnde</span> 
     </span>
    </p>
   </div>
   <div class='ocr_carea' id='block_1_4' title="bbox 232 1076 1449 1162">
    <p class='ocr_par' dir='ltr' id='par_1_4' title="bbox 232 1076 1449 1162">
     <span class='ocr_line' id='line_1_5' title="bbox 232 1076 1449 1162; baseline 0.007 -19"><span class='ocrx_word' id='word_1_31' title='bbox 232 1076 383 1144; x_wconf 81' lang='lat' dir='ltr'>cordibus</span> <span class='ocrx_word' id='word_1_32' title='bbox 409 1080 529 1146; x_wconf 82' lang='lat' dir='ltr'>nostris</span> <span class='ocrx_word' id='word_1_33' title='bbox 553 1080 601 1146; x_wconf 87' lang='lat' dir='ltr'>tui</span> <span class='ocrx_word' id='word_1_34' title='bbox 626 1079 747 1146; x_wconf 78' lang='lat' dir='ltr'>amoris</span> <span class='ocrx_word' id='word_1_35' title='bbox 770 1079 940 1162; x_wconf 61' lang='lat' dir='ltr'>affectum</span> <span class='ocrx_word' id='word_1_36' title='bbox 968 1092 1059 1148; x_wconf 87' lang='lat' dir='ltr'>otte</span> <span class='ocrx_word' id='word_1_37' title='bbox 1084 1084 1117 1149; x_wconf 92' lang='lat' dir='ltr'>in</span> <span class='ocrx_word' id='word_1_38' title='bbox 1142 1081 1352 1151; x_wconf 79' lang='lat' dir='ltr'>omnibus&amp;</span> <span class='ocrx_word' id='word_1_39' title='bbox 1444 1099 1449 1106; x_wconf 88' lang='grc'><strong>’</strong></span> 
     </span>
    </p>
   </div>
   <div class='ocr_carea' id='block_1_5' title="bbox 120 1175 1351 1360">
    <p class='ocr_par' dir='ltr' id='par_1_5' title="bbox 120 1175 1351 1360">
     <span class='ocr_line' id='line_1_6' title="bbox 121 1175 1351 1264; baseline 0.006 -22"><span class='ocrx_word' id='word_1_40' title='bbox 121 1195 219 1260; x_wconf 85' lang='lat' dir='ltr'>super</span> <span class='ocrx_word' id='word_1_41' title='bbox 236 1176 348 1243; x_wconf 79' lang='lat' dir='ltr'>omnia</span> <span class='ocrx_word' id='word_1_42' title='bbox 367 1175 557 1262; x_wconf 70' lang='lat' dir='ltr'>diligentes,</span> <span class='ocrx_word' id='word_1_43' title='bbox 581 1177 818 1263; x_wconf 79' lang='lat' dir='ltr'>promissiones</span> <span class='ocrx_word' id='word_1_44' title='bbox 836 1190 920 1256; x_wconf 86' lang='lat' dir='ltr'>tuas,</span> <span class='ocrx_word' id='word_1_45' title='bbox 941 1201 1015 1264; x_wconf 89' lang='lat' dir='ltr'>quae</span> <span class='ocrx_word' id='word_1_46' title='bbox 1034 1201 1133 1247; x_wconf 85' lang='lat' dir='ltr'>omne</span> <span class='ocrx_word' id='word_1_47' title='bbox 1154 1183 1351 1251; x_wconf 73' lang='lat' dir='ltr'>desiderium</span> 
     </span>
     <span class='ocr_line' id='line_1_7' title="bbox 120 1276 855 1360; baseline 0.004 -19"><span class='ocrx_word' id='word_1_48' title='bbox 120 1276 287 1359; x_wconf 67' lang='lat' dir='ltr'>snperant</span> <span class='ocrx_word' id='word_1_49' title='bbox 309 1277 559 1360; x_wconf 63' lang='lat' dir='ltr'>consequemur.</span> <span class='ocrx_word' id='word_1_50' title='bbox 583 1279 640 1342; x_wconf 85' lang='lat' dir='ltr'>Per</span> <span class='ocrx_word' id='word_1_51' title='bbox 660 1276 855 1344; x_wconf 80' lang='lat' dir='ltr'>Dominum.</span> 
     </span>
    </p>
   </div>
   <div class='ocr_carea' id='block_1_6' title="bbox 303 1447 1182 1571">
    <p class='ocr_par' dir='ltr' id='par_1_6' title="bbox 303 1447 1182 1571">
     <span class='ocr_line' id='line_1_8' title="bbox 303 1447 1182 1571; baseline 0.006 -29"><span class='ocrx_word' id='word_1_52' title='bbox 303 1447 548 1544; x_wconf 87' lang='lat' dir='ltr'>Dominica</span> <span class='ocrx_word' id='word_1_53' title='bbox 580 1449 661 1545; x_wconf 89' lang='lat' dir='ltr'>VI.</span> <span class='ocrx_word' id='word_1_54' title='bbox 698 1457 811 1571; x_wconf 85' lang='lat' dir='ltr'>post</span> <span class='ocrx_word' id='word_1_55' title='bbox 844 1451 1182 1548; x_wconf 81' lang='lat' dir='ltr'>Pentecosten.</span> 
     </span>
    </p>
   </div>
   <div class='ocr_carea' id='block_1_7' title="bbox 635 1777 646 1835">
    <p class='ocr_par' dir='ltr' id='par_1_7' title="bbox 635 1777 646 1835">
     <span class='ocr_line' id='line_1_9' title="bbox 635 1777 646 1835; baseline 0 0"><span class='ocrx_word' id='word_1_56' title='bbox 635 1777 646 1835; x_wconf 97' lang='grc' dir='ltr'>Ι</span> 
     </span>
    </p>
   </div>
   <div class='ocr_carea' id='block_1_8' title="bbox 405 1899 1330 1991">
    <p class='ocr_par' dir='ltr' id='par_1_8' title="bbox 405 1899 1330 1991">
     <span class='ocr_line' id='line_1_10' title="bbox 405 1899 1330 1991; baseline 0.005 -25"><span class='ocrx_word' id='word_1_57' title='bbox 405 1899 487 1966; x_wconf 71' lang='grc' dir='ltr'>Ι-εὲ-</span> <span class='ocrx_word' id='word_1_58' title='bbox 521 1921 568 1966; x_wconf 89' lang='lat' dir='ltr'>re·</span> <span class='ocrx_word' id='word_1_59' title='bbox 580 1920 617 1968; x_wconf 86' lang='lat' dir='ltr'>or</span> <span class='ocrx_word' id='word_1_60' title='bbox 662 1920 759 1984; x_wconf 87' lang='lat' dir='ltr'>super</span> <span class='ocrx_word' id='word_1_61' title='bbox 778 1903 937 1969; x_wconf 86' lang='lat' dir='ltr'>turbam:</span> <span class='ocrx_word' id='word_1_62' title='bbox 1000 1903 1108 1986; x_wconf 86' lang='lat' dir='ltr'><strong>qui-a</strong></span> <span class='ocrx_word' id='word_1_63' title='bbox 1158 1924 1229 1970; x_wconf 87' lang='lat' dir='ltr'>ecce</span> <span class='ocrx_word' id='word_1_64' title='bbox 1262 1908 1330 1991; x_wconf 84' lang='lat' dir='ltr'>jam</span> 
     </span>
    </p>
   </div>
   <div class='ocr_carea' id='block_1_9' title="bbox 137 2306 1293 2394">
    <p class='ocr_par' dir='ltr' id='par_1_9' title="bbox 137 2306 1293 2394">
     <span class='ocr_line' id='line_1_11' title="bbox 137 2306 1293 2394; baseline 0.005 -20"><span class='ocrx_word' id='word_1_65' title='bbox 137 2306 287 2374; x_wconf 65' lang='lat' dir='ltr'>trinu-o</span> <span class='ocrx_word' id='word_1_66' title='bbox 311 2308 487 2375; x_wconf 64' lang='lat' dir='ltr'>sesti-nent</span> <span class='ocrx_word' id='word_1_67' title='bbox 508 2329 572 2386; x_wconf 86' lang='lat' dir='ltr'>me,</span> <span class='ocrx_word' id='word_1_68' title='bbox 618 2329 675 2376; x_wconf 87' lang='lat' dir='ltr'>nec</span> <span class='ocrx_word' id='word_1_69' title='bbox 704 2310 825 2376; x_wconf 87' lang='lat' dir='ltr'>habent</span> <span class='ocrx_word' id='word_1_70' title='bbox 844 2311 934 2394; x_wconf 91' lang='lat' dir='ltr'>quod</span> <span class='ocrx_word' id='word_1_71' title='bbox 954 2312 1162 2379; x_wconf 66' lang='lat' dir='ltr'>mandtcent</span> <span class='ocrx_word' id='word_1_72' title='bbox 1184 2314 1241 2377; x_wconf 78' lang='lat'>:81</span> <span class='ocrx_word' id='word_1_73' title='bbox 1266 2316 1293 2380; x_wconf 91' lang='lat' dir='ltr'>si</span> 
     </span>
    </p>
   </div>
   <div class='ocr_carea' id='block_1_10' title="bbox 149 2714 1263 2803">
    <p class='ocr_par' dir='ltr' id='par_1_10' title="bbox 149 2714 1263 2803">
     <span class='ocr_line' id='line_1_12' title="bbox 149 2714 1263 2803; baseline 0.004 -23"><span class='ocrx_word' id='word_1_74' title='bbox 149 2714 339 2782; x_wconf 83' lang='lat' dir='ltr'>dimi-se-ro</span> <span class='ocrx_word' id='word_1_75' title='bbox 385 2737 418 2780; x_wconf 89' lang='lat' dir='ltr'>e·</span> <span class='ocrx_word' id='word_1_76' title='bbox 431 2737 468 2782; x_wconf 89' lang='lat' dir='ltr'>os</span> <span class='ocrx_word' id='word_1_77' title='bbox 484 2718 636 2803; x_wconf 75' lang='lat' dir='ltr'>jejt&#39;tnos,</span> <span class='ocrx_word' id='word_1_78' title='bbox 654 2717 805 2785; x_wconf 81' lang='lat' dir='ltr'>de-fi-ci-</span> <span class='ocrx_word' id='word_1_79' title='bbox 822 2731 878 2786; x_wconf 90' lang='lat' dir='ltr'>ent</span> <span class='ocrx_word' id='word_1_80' title='bbox 898 2721 931 2787; x_wconf 91' lang='lat' dir='ltr'>in</span> <span class='ocrx_word' id='word_1_81' title='bbox 951 2721 1001 2786; x_wconf 91' lang='lat' dir='ltr'>vi·</span> <span class='ocrx_word' id='word_1_82' title='bbox 1019 2742 1048 2798; x_wconf 82' lang='lat' dir='ltr'>a,</span> <span class='ocrx_word' id='word_1_83' title='bbox 1084 2722 1263 2788; x_wconf 54' lang='lat' dir='ltr'>alle-lota.</span> 
     </span>
    </p>
   </div>
   <div class='ocr_carea' id='block_1_11' title="bbox 165 3123 925 3313">
    <p class='ocr_par' dir='ltr' id='par_1_11' title="bbox 165 3123 925 3313">
     <span class='ocr_line' id='line_1_13' title="bbox 165 3123 925 3211; baseline 0.005 -23"><span class='ocrx_word' id='word_1_84' title='bbox 165 3123 188 3187; x_wconf 89' lang='lat' dir='ltr'><strong>E</strong></span> <span class='ocrx_word' id='word_1_85' title='bbox 215 3143 235 3188; x_wconf 91' lang='lat' dir='ltr'>u</span> <span class='ocrx_word' id='word_1_86' title='bbox 265 3143 285 3189; x_wconf 93' lang='lat'>0</span> <span class='ocrx_word' id='word_1_87' title='bbox 315 3143 336 3189; x_wconf 90' lang='lat' dir='ltr'>u</span> <span class='ocrx_word' id='word_1_88' title='bbox 366 3144 384 3188; x_wconf 85' lang='lat' dir='ltr'>a</span> <span class='ocrx_word' id='word_1_89' title='bbox 413 3145 441 3189; x_wconf 89' lang='lat' dir='ltr'>e.</span> <span class='ocrx_word' id='word_1_90' title='bbox 534 3127 565 3204; x_wconf 62' lang='lat' dir='ltr'>t.</span> <span class='ocrx_word' id='word_1_91' title='bbox 589 3125 753 3211; x_wconf 55' lang='lat' dir='ltr'>Dirigitur</span> <span class='ocrx_word' id='word_1_92' title='bbox 773 3126 925 3192; x_wconf 73' lang='lat' dir='ltr'>Domine.</span> 
     </span>
     <span class='ocr_line' id='line_1_14' title="bbox 671 3251 800 3313; baseline 0.016 -2"><span class='ocrx_word' id='word_1_93' title='bbox 671 3251 800 3313; x_wconf 77' lang='lat' dir='ltr'>Oratio.</span> 
     </span>
    </p>
   </div>
   <div class='ocr_carea' id='block_1_12' title="bbox 117 3349 1351 3728">
    <p class='ocr_par' dir='ltr' id='par_1_12' title="bbox 117 3349 1351 3728">
     <span class='ocr_line' id='line_1_15' title="bbox 120 3349 1351 3520; baseline 0.004 -107"><span class='ocrx_word' id='word_1_94' title='bbox 120 3353 266 3520; x_wconf 80' lang='lat' dir='ltr'>Deus</span> <span class='ocrx_word' id='word_1_95' title='bbox 294 3349 470 3425; x_wconf 63' lang='lat' dir='ltr'>vinctum,</span> <span class='ocrx_word' id='word_1_96' title='bbox 497 3351 591 3435; x_wconf 88' lang='lat' dir='ltr'>cujus</span> <span class='ocrx_word' id='word_1_97' title='bbox 620 3360 669 3416; x_wconf 86' lang='lat' dir='ltr'>est</span> <span class='ocrx_word' id='word_1_98' title='bbox 697 3359 805 3416; x_wconf 84' lang='lat' dir='ltr'>toturn</span> <span class='ocrx_word' id='word_1_99' title='bbox 831 3352 919 3433; x_wconf 89' lang='lat' dir='ltr'>quod</span> <span class='ocrx_word' id='word_1_100' title='bbox 944 3362 991 3417; x_wconf 89' lang='lat' dir='ltr'>est</span> <span class='ocrx_word' id='word_1_101' title='bbox 1016 3350 1180 3436; x_wconf 78' lang='lat' dir='ltr'>optimum</span> <span class='ocrx_word' id='word_1_102' title='bbox 1209 3373 1215 3419; x_wconf 95' lang='lat'><strong>:</strong></span> <span class='ocrx_word' id='word_1_103' title='bbox 1248 3354 1351 3420; x_wconf 82' lang='lat' dir='ltr'>insere</span> 
     </span>
     <span class='ocr_line' id='line_1_16' title="bbox 232 3444 1350 3534; baseline 0.006 -22"><span class='ocrx_word' id='word_1_104' title='bbox 232 3444 418 3529; x_wconf 62' lang='lat' dir='ltr'>pectoribus</span> <span class='ocrx_word' id='word_1_105' title='bbox 438 3448 558 3514; x_wconf 83' lang='lat' dir='ltr'>nostris</span> <span class='ocrx_word' id='word_1_106' title='bbox 577 3447 721 3514; x_wconf 75' lang='lat' dir='ltr'>amorem</span> <span class='ocrx_word' id='word_1_107' title='bbox 747 3449 795 3514; x_wconf 87' lang='lat' dir='ltr'>tui</span> <span class='ocrx_word' id='word_1_108' title='bbox 821 3447 981 3525; x_wconf 77' lang='lat' dir='ltr'>nominis,</span> <span class='ocrx_word' id='word_1_109' title='bbox 1003 3451 1032 3514; x_wconf 74' lang='lat'>81</span> <span class='ocrx_word' id='word_1_110' title='bbox 1057 3460 1170 3534; x_wconf 84' lang='lat' dir='ltr'>praesta</span> <span class='ocrx_word' id='word_1_111' title='bbox 1196 3453 1229 3517; x_wconf 92' lang='lat' dir='ltr'>in</span> <span class='ocrx_word' id='word_1_112' title='bbox 1255 3454 1350 3519; x_wconf 90' lang='lat' dir='ltr'>nobis</span> 
     </span>
     <span class='ocr_line' id='line_1_17' title="bbox 117 3544 1350 3635; baseline 0.006 -25"><span class='ocrx_word' id='word_1_113' title='bbox 117 3544 290 3630; x_wconf 80' lang='lat' dir='ltr'>religionis</span> <span class='ocrx_word' id='word_1_114' title='bbox 318 3544 559 3631; x_wconf 63' lang='lat' dir='ltr'>augmentum</span> <span class='ocrx_word' id='word_1_115' title='bbox 587 3557 623 3612; x_wconf 92' lang='lat' dir='ltr'>ut</span> <span class='ocrx_word' id='word_1_116' title='bbox 651 3565 725 3629; x_wconf 86' lang='lat' dir='ltr'>quae</span> <span class='ocrx_word' id='word_1_117' title='bbox 753 3557 832 3613; x_wconf 86' lang='lat' dir='ltr'>sunt</span> <span class='ocrx_word' id='word_1_118' title='bbox 858 3547 960 3624; x_wconf 84' lang='lat' dir='ltr'>bona,</span> <span class='ocrx_word' id='word_1_119' title='bbox 989 3548 1127 3623; x_wconf 67' lang='lat' dir='ltr'>nimias,</span> <span class='ocrx_word' id='word_1_120' title='bbox 1156 3569 1192 3616; x_wconf 86' lang='lat' dir='ltr'>ac</span> <span class='ocrx_word' id='word_1_121' title='bbox 1220 3551 1350 3635; x_wconf 52' lang='lat' dir='ltr'>pietatis</span> 
     </span>
     <span class='ocr_line' id='line_1_18' title="bbox 117 3643 1078 3728; baseline 0.003 -20"><span class='ocrx_word' id='word_1_122' title='bbox 117 3643 243 3720; x_wconf 76' lang='lat' dir='ltr'>stndio,</span> <span class='ocrx_word' id='word_1_123' title='bbox 264 3663 339 3728; x_wconf 82' lang='lat' dir='ltr'>quae</span> <span class='ocrx_word' id='word_1_124' title='bbox 358 3653 436 3711; x_wconf 89' lang='lat' dir='ltr'>sunt</span> <span class='ocrx_word' id='word_1_125' title='bbox 456 3643 588 3721; x_wconf 81' lang='lat' dir='ltr'>nutrita,</span> <span class='ocrx_word' id='word_1_126' title='bbox 609 3643 785 3712; x_wconf 78' lang='lat' dir='ltr'>custodias.</span> <span class='ocrx_word' id='word_1_127' title='bbox 808 3647 866 3711; x_wconf 83' lang='lat' dir='ltr'>Per</span> <span class='ocrx_word' id='word_1_128' title='bbox 885 3644 1078 3712; x_wconf 75' lang='lat' dir='ltr'>Dominum.</span> 
     </span>
    </p>
   </div>
   <div class='ocr_carea' id='block_1_13' title="bbox 280 3824 1179 3948">
    <p class='ocr_par' dir='ltr' id='par_1_13' title="bbox 280 3824 1179 3948">
     <span class='ocr_line' id='line_1_19' title="bbox 280 3824 1179 3948; baseline 0.004 -28"><span class='ocrx_word' id='word_1_129' title='bbox 280 3825 526 3921; x_wconf 87' lang='lat' dir='ltr'>Dominica</span> <span class='ocrx_word' id='word_1_130' title='bbox 556 3824 660 3922; x_wconf 92' lang='lat' dir='ltr'>VII.</span> <span class='ocrx_word' id='word_1_131' title='bbox 696 3834 809 3948; x_wconf 84' lang='lat' dir='ltr'>post</span> <span class='ocrx_word' id='word_1_132' title='bbox 842 3827 1179 3924; x_wconf 82' lang='lat' dir='ltr'>Pentecosten.</span> 
     </span>
    </p>
   </div>
   <div class='ocr_carea' id='block_1_14' title="bbox 386 4312 1311 4395">
    <p class='ocr_par' dir='ltr' id='par_1_14' title="bbox 386 4312 1311 4395">
     <span class='ocr_line' id='line_1_20' title="bbox 386 4312 1311 4395; baseline 0.006 -19"><span class='ocrx_word' id='word_1_133' title='bbox 386 4312 445 4376; x_wconf 88' lang='grc' dir='ltr'>ΟΝ</span> <span class='ocrx_word' id='word_1_134' title='bbox 466 4322 586 4395; x_wconf 88' lang='lat' dir='ltr'>pot-est</span> <span class='ocrx_word' id='word_1_135' title='bbox 639 4313 733 4379; x_wconf 82' lang='lat' dir='ltr'>arbor</span> <span class='ocrx_word' id='word_1_136' title='bbox 753 4313 854 4379; x_wconf 77' lang='lat' dir='ltr'>bona</span> <span class='ocrx_word' id='word_1_137' title='bbox 896 4312 1018 4380; x_wconf 64' lang='lat' dir='ltr'>fructus</span> <span class='ocrx_word' id='word_1_138' title='bbox 1037 4335 1106 4379; x_wconf 82' lang='lat' dir='ltr'>ma·</span> <span class='ocrx_word' id='word_1_139' title='bbox 1121 4316 1170 4380; x_wconf 90' lang='lat' dir='ltr'>los</span> <span class='ocrx_word' id='word_1_140' title='bbox 1216 4314 1311 4382; x_wconf 54' lang='lat' dir='ltr'>stee-</span> 
     </span>
    </p>
   </div>
   <div class='ocr_carea' id='block_1_15' title="bbox 0 0 1584 4792">
    <p class='ocr_par' dir='ltr' id='par_1_15' title="bbox 0 0 1584 4792">
     <span class='ocr_line' id='line_1_21' title="bbox 0 0 1584 4792; baseline 0 1"><span class='ocrx_word' id='word_1_141' title='bbox 0 0 1584 4792; x_wconf 95' lang='lat' dir='ltr'> </span> 
     </span>
    </p>
   </div>
  </div>
 </body>
</html>
