3159 4792
330 396 334 403 ι
450 294 584 366 Festa
606 296 886 369 Novembris.
909 300 973 369 21.
995 300 1078 369 22.
1292 300 1368 371 461

174 747 269 813 tu·a,
308 738 470 820 templum
492 735 666 815 Dii-mini,
702 740 864 805 sacri-ri·
878 760 935 807 um
955 740 1140 825 Spi-ri-tus
1159 740 1279 818 Sansti,

573 838 745 912 141

142 965 611 1089 Γ,

171 1202 223 1250 so·
233 1185 262 1247 la
308 1184 389 1249 si-ne
430 1182 594 1271 ex-implo
642 1187 763 1272 plazu-
787 1184 854 1252 i-sti
879 1184 1035 1253 Do'mi-no
1067 1198 1178 1255 nostro
1211 1190 1261 1271 Je·
1288 1208 1325 1255 su

940 1462 1370 1475 —————

141 1591 281 1668 Christ0,
320 1588 498 1657 alle-lii-ia.
565 1594 729 1659 Euou
759 1614 776 1659 a
809 1613 838 1659 e.

690 1720 818 1781 Oratio.

231 1834 298 1891 sus,
324 1817 380 1899 qui
410 1816 537 1883 beitam
567 1816 700 1883 Mariam
728 1837 857 1902 semper
879 1816 1067 1903 Virginem,
1094 1817 1234 1904 Spiritus
1259 1817 1367 1885 Sanffl

253 1914 487 1993 habiticulum,
519 1915 673 1981 hodiirna
696 1917 749 1981 die
779 1918 812 1982 in
841 1920 961 2001 templo
991 1918 1175 2002 praesentiri
1204 1916 1365 1984 voluisti:

141 2022 271 2097 praesta‚
297 2031 509 2097 quaesumus;
536 2025 572 2081 ut
600 2018 670 2101 ejus
698 2013 928 2082 intercessibne
958 2016 991 2082 in
1020 2017 1145 2101 templo
1169 2014 1281 2102 gibriae
1303 2027 1368 2083 tuae

140 2112 324 2195 praesentiri
346 2112 538 2179 mereimur.
560 2114 617 2179 Per
640 2112 820 2180 Diminum
842 2124 989 2180 nostrum
1005 2115 1116 2196 Jesum
1134 2115 1300 2182 Christum
1321 2112 1368 2181 Fi-

142 2210 224 2277 lium
244 2221 382 2277 tuum...
404 2212 438 2277 in
459 2212 584 2278 unitite
602 2211 747 2299 ejisdem
768 2212 908 2297 Spiritus
927 2212 1047 2280 Sansti.

181 2326 287 2385 Comm.
305 2328 336 2386 S.
354 2328 447 2387 Felicis
461 2330 493 2387 de
509 2328 614 2387 Valois.
631 2330 706 2387 Avia.
724 2329 777 2388 Hic
793 2329 849 2387 vir.
867 2326 941 2410 [47].
961 2332 989 2400 ᾖ.
1002 2330 1131 2409 Justum.
1151 2332 1233 2388 Orat.
1250 2329 1319 2405 460.

180 2425 212 2483 In
226 2425 260 2483 II.
280 2426 310 2483 V
308 2428 402 2505 esperis
417 2446 512 2485 comm.
528 2430 672 2505 sequentis.

172 2667 245 2764 22.
331 2669 379 2766 S.
418 2669 620 2766 Gaeciliae
655 2668 856 2789 Virginis
883 2692 929 2758 et
956 2669 1182 2792 Martyris⁸

699 2830 819 2908 Duplex.

432 2967 472 3026 ln
486 2967 513 3027 1.
529 2967 636 3042 Vesp.
652 2982 714 3043 pro
727 2983 855 3027 comm.
870 2966 1076 3041 Antiphona.

339 3362 388 3428 ST
406 3361 507 3429 secri-
530 3372 616 3440 tum,
653 3364 810 3429 Va-le-ri·
833 3363 866 3427 i·
879 3382 930 3439 ne,
984 3364 1073 3445 quod
1092 3364 1133 3429 ti·
1162 3363 1194 3428 bi
1220 3365 1317 3430 vo-lo

163 4176 296 4242 nimi-o
327 4179 411 4244 ze-lo
453 4176 618 4244 custd-dit
636 4196 754 4262 corpus
773 4199 842 4243 me·
861 4200 931 4246 um.
958 4178 980 4243 E
1007 4198 1074 4243 uo
1112 4197 1132 4243 u
1174 4198 1192 4241 a
1238 4198 1267 4242 e.

217 4314 245 4379 i.
262 4310 364 4387 Specie
378 4316 439 4370 tua.
