3159 4792
423 330 556 403 Festa
577 332 859 405 Novembris.
882 334 964 405 25.
986 335 1068 404 26.
1264 334 1343 402 467

141 614 220 708 25.
276 613 324 710 S.
355 568 624 709 Cathaliuae
652 612 853 735 Virginis
881 635 927 702 et
955 612 1181 735 Martyris.

671 774 790 853 oupux.

668 901 796 961 Oratio.

112 1004 278 1169 Dius
301 998 357 1081 qui
378 996 496 1064 dedisti
518 1000 623 1083 legem
644 997 750 1084 Moysi
772 999 806 1062 in
826 998 1017 1065 summitite
1041 998 1165 1063 montis
1188 996 1293 1072 Sinai,
1315 998 1345 1063 ἃ

229 1097 263 1161 in
283 1094 397 1162 eodem
418 1098 490 1160 loco
511 1114 567 1179 per
585 1094 714 1162 saucios
733 1096 880 1182 Angelos
894 1107 970 1163 tuos
984 1115 1101 1180 corpus
1115 1096 1216 1163 beitae
1230 1096 1346 1162 Catha-

109 1194 195 1261 rinae
213 1193 359 1279 Virginis
378 1194 406 1257 8ι
426 1194 575 1280 Mirtyris
594 1204 657 1259 tuae
678 1194 870 1261 mirabiliter
888 1196 1055 1262 collocristi
1078 1215 1085 1263 :
1108 1206 1234 1279 praesta,
1256 1215 1346 1279 quae·

111 1309 254 1373 sumus;
272 1302 308 1357 ut
328 1296 398 1378 ejus
419 1290 543 1358 miritis
567 1292 596 1356 ἃ
621 1291 862 1370 intercessione,
884 1295 923 1359 ad
945 1304 1091 1360 montem
1116 1294 1173 1377 qui
1199 1295 1346 1360 Christus

110 1400 175 1467 est,
198 1390 363 1479 pervenire
382 1390 560 1455 valeimus.
582 1390 647 1468 Qui
668 1401 775 1457 tecum
796 1392 879 1457 vivit
898 1393 927 1455 81
947 1402 1059 1478 regnat
1079 1392 1112 1455 in
1133 1392 1257 1458 unitite
1276 1390 1346 1476 Spi-

113 1492 199 1557 ritus
218 1488 327 1555 Sanili
348 1490 446 1555 Deus.

155 1605 263 1663 Comm.
281 1605 312 1663 S.
325 1605 448 1679 loannis.
467 1604 542 1663 Aria.
559 1604 613 1664 Hic
628 1606 683 1663 vir.
702 1602 777 1686 [47].
795 1609 824 1676 i.
841 1606 959 1685 Justum
974 1607 1106 1665 deduxit.
1125 1608 1207 1665 Orat.
1224 1605 1294 1682 466.

158 1713 241 1791 Vesp.
257 1733 275 1770 a
290 1712 386 1791 Capit.
403 1714 435 1771 de
448 1714 581 1791 sequenti,
596 1732 694 1771 comm.
705 1715 824 1791 praeced.
841 1719 869 1772 et
882 1714 914 1772 S.
932 1714 1013 1773 Petri
1024 1716 1113 1794 Epiro.
1130 1720 1158 1773 et
1172 1716 1317 1794 Martyris.

148 1946 222 2042 26.
455 1948 502 2043 S.
539 1946 765 2043 Silveslri
793 1947 1001 2039 Abbatis.

674 2108 794 2186 Duplex.

665 2234 794 2296 Oratio.

199 2348 421 2396 LEMENTlSSlME
447 2330 550 2407 Deus,
573 2332 630 2415 qui
655 2330 807 2399 sanstum
827 2331 1019 2399 Silvistrum
1041 2333 1215 2407 Abbritem,
1237 2332 1346 2399 saeculi

220 2432 318 2515 hujus
337 2428 515 2494 vaniutem
541 2430 573 2494 in
598 2428 708 2513 apirto
733 2431 864 2496 tumulo
888 2434 940 2515 pie
965 2431 1192 2506 meditintem,
1218 2432 1258 2496 ad
1281 2429 1348 2496 eri-

119 2547 211 2593 murn
232 2526 361 2603 vocire,
383 2527 412 2591 u
436 2527 597 2611 praecliris
620 2529 697 2593 vltae
721 2527 847 2593 miritis
871 2530 1018 2594 decorire
1042 2529 1196 2614 dignitus
1220 2549 1255 2596 es
1281 2547 1288 2594 :
1314 2539 1346 2595 te

118 2626 281 2709 supplices
300 2624 493 2705 exorimus;
516 2636 553 2691 ut
567 2626 636 2711 ejus
651 2625 804 2710 eximplo
818 2626 940 2693 terrina
956 2625 1183 2711 despiciintes
1200 2628 1249 2692 tui
1269 2646 1346 2693 con-

118 2722 217 2790 sortio
237 2724 439 2807 perfruimur
457 2722 588 2789 aetirno.
611 2726 668 2789 Per
686 2722 879 2791 Dominum.

159 2848 264 2906 Comm.
282 2849 313 2906 S.
332 2848 502 2907 Catharinae.
519 2849 594 2907 Aria.
612 2849 685 2907 Veni
701 2868 821 2926 sponsa.
840 2847 915 2930 [53].
934 2852 963 2919 i.
985 2849 1096 2909 Diffusa
1110 2856 1164 2909 est.

158 2974 256 3032 Postea
271 2972 303 3035 S.
320 2972 411 3035 Petri
421 2972 641 3035 Alexandrini
654 2976 777 3054 Episcopi
783 2980 812 3033 et
818 2976 963 3052 Martyris.
974 2975 1050 3033 Ario.
1062 2976 1118 3033 iste
1127 2973 1255 3050 sanstus.
1269 2971 1342 3055 [14].

120 3066 148 3133 ii.
165 3063 262 3123 Gloria
277 3064 302 3123 ἅ
317 3064 440 3123 honore.

667 3146 795 3209 Oratio.

124 3247 381 3413 Iurruuunrou
407 3252 550 3309 nostram
577 3242 698 3328 rispice
728 3242 938 3326 omnipotens
963 3243 1050 3309 Deus
1077 3242 1136 3306 t&
1159 3242 1238 3325 quia
1264 3260 1346 3325 pon-

188 3342 251 3407 dus
270 3338 407 3425 propriae
426 3338 565 3407 anisnis
584 3351 708 3427 gravat,
726 3342 810 3407 beriti
827 3342 908 3406 Petri
925 3341 1074 3426 Mirtyris
1088 3340 1136 3406 tui
1151 3350 1249 3423 atque
1264 3340 1346 3403 Pon-

121 3438 215 3505 tificis
235 3437 421 3505 intercissio
440 3437 582 3524 gloriosa
602 3459 662 3505 nos
682 3437 841 3525 protegat.
864 3441 921 3504 Per
940 3437 1133 3504 Dominum.
