3159 4792
525 319 730 393 Sabbato
751 317 936 391 Sancto.
1269 318 1345 386 153

158 468 355 548 Capitulum,
376 465 518 546 Hymnus
536 470 567 530 et
585 466 614 542 ri.
638 484 700 530 non
723 465 884 538 dicuntur,
910 469 966 530 sed
988 464 1095 529 statim
1119 464 1289 528 Celebrans
1312 464 1346 527 in

111 571 208 630 conta
223 565 333 645 incinit
344 564 557 644 Antiphonam
570 568 614 628 ad
627 563 825 648 Magnifica,
842 568 875 628 et
881 564 1081 647 prosequitur
1096 562 1220 626 Cooras
1236 583 1248 628 :
1263 564 1344 639 Quae

115 661 262 730 lucoscit.
1335 695 1337 698 >

479 761 533 821 Ad
547 760 751 835 Magnificat,
767 760 972 837 Antiphona.

143 1038 248 1224 V
322 1162 451 1243 Espe-re
479 1168 598 1225 au-tem
632 1157 789 1234 sabba-ti,
830 1178 903 1241 quae
933 1155 1078 1224 lusoscit
1120 1157 1152 1221 in
1183 1157 1287 1240 prima

140 1561 302 1636 sobbe-ti,
350 1561 454 1625 ve-nit
473 1557 619 1638 Mari-a
643 1557 881 1644 Magoa-ione,
934 1560 963 1623 or
1004 1557 1119 1624 olte-ra
1143 1555 1255 1622 Ma-ri-
1273 1577 1302 1632 a,

137 1967 278 2034 vido-re
309 1965 508 2051 sepoicrum,
530 1964 703 2030 alle-lo-ia.
727 1965 825 2030 Cant.
839 1962 1069 2050 Magni-frent.
1087 1965 1110 2029 E
1130 1984 1151 2030 u
1172 1984 1191 2031 o
1213 1983 1233 2029 u
1253 1984 1271 2028 a
1294 1983 1324 2028 e.

155 2094 300 2174 Repetite
318 2091 511 2173 Antiphone,
534 2090 685 2156 Sacerdos
703 2091 782 2155 dicit
799 2111 811 2156 .·

205 2219 236 2296 i.
259 2215 421 2283 Dominus
440 2213 625 2282 vobiscum.
648 2219 684 2302 ri.
706 2217 837 2282 Etcum
858 2213 973 2299 spiritu
994 2225 1063 2281 tuo,

294 2339 446 2407 Oromus.
1037 2339 1162 2406 Oratio.

115 2459 311 2634 Semnum
331 2457 426 2523 nobis
446 2454 586 2522 Domine
601 2468 665 2522 tuae
679 2457 821 2523 caritatis
836 2457 971 2524 inionde
988 2475 996 2522 ε
1015 2466 1052 2522 ut
1065 2475 1150 2539 quos
1164 2454 1345 2522 sacromon-

206 2557 248 2622 tis
268 2555 474 2639 paschalibus
492 2554 633 2630 satiosti,
656 2564 710 2620 tua
730 2554 827 2620 iosias
846 2555 963 2638 pietate
981 2552 1170 2621 concordes.
1200 2554 1257 2619 Per
1280 2550 1345 2618 Do-

110 2656 247 2720 minum
270 2663 461 2720 nostrum...
484 2653 519 2738 ri.
541 2652 660 2718 Amen.

158 2780 285 2844 Deinde
304 2775 467 2843 Dominus
485 2775 671 2843 vobiscum.

157 2923 275 2988 Postea
293 2921 454 2987 Diaconos
471 2921 551 2986 dicit
568 2941 580 2986 .·

198 3146 267 3190 ιι
329 3146 395 3189 ιι
495 3069 1067 3259 muffl÷

204 3328 263 3394 l-ta
300 3329 399 3397 Missa
444 3327 703 3402 est‚'alle·lo-ia‚
750 3328 841 3393 eri-le·
901 3324 949 3391 lo·
974 3326 1015 3390 ia.

113 3447 150 3532 ri.
172 3445 269 3536 Dejo
293 3443 407 3528 gro-ti·
443 3463 489 3520 as,
527 3443 704 3519 alle-lo-ia,
753 3445 843 3508 ai-le-
904 3441 953 3507 lo·
978 3441 1018 3505 ia.

516 3602 582 3677 Ad
603 3601 946 3699 completorium.

161 3760 196 3834 i.
214 3757 296 3838 Jube
315 3757 437 3822 domne
455 3753 654 3820 benedicere.
676 3755 774 3821 Leiiio
797 3755 908 3820 brevis.
932 3754 1053 3819 Fratres
1074 3771 1082 3818 z
1105 3750 1210 3818 sobrii
1231 3750 1344 3819 estote.

160 3883 196 3960 i.
218 3880 439 3968 Adjutorium.
461 3882 550 3946 Pater
570 3890 689 3946 noster.
711 3880 752 3944 Et
760 3883 850 3966 saria
870 3879 1071 3965 Confessione
1088 3882 1122 3944 et
1142 3879 1348 3944 Absolutione

115 3980 238 4046 dr'citur
958 4029 962 4034 .

162 4101 194 4174 i.
216 4095 376 4162 Convorte
396 4115 467 4162 nos.
490 4098 521 4175 i.
546 4097 633 4161 Deus
652 4096 686 4161 in
700 4093 914 4180 adjutorium.
935 4091 1046 4159 Gloria
1066 4092 1161 4158 Patri.

162 4222 204 4287 Et
229 4223 365 4304 amplius
386 4241 450 4286 non
472 4221 590 4286 dicitur
617 4220 698 4286 Laus
724 4221 783 4285 tibi
809 4216 950 4285 Domine
972 4219 1041 4283 Rex
1066 4215 1193 4282 aete'rnae
1217 4212 1343 4300 gloriae,

115 4323 174 4385 sed
197 4323 262 4408 ejus
287 4321 352 4386 loco
375 4318 515 4398 deinceps
539 4318 656 4383 dieitur
675 4317 829 4383 Alleloia.
