3159 4792
209 308 288 377 400
491 309 625 382 Festa
645 308 847 391 Augusti.
870 309 950 380 23.
974 310 1055 381 24.
1077 310 1159 381 25.

212 454 280 539 lyto
303 455 332 518 dr
357 452 612 540 Symphoriino,
639 451 803 519 dexteram
828 472 926 545 super
949 472 1009 520 nos
1033 464 1098 521 tuae
1121 454 1360 539 propitiationis
1384 478 1442 524 ex·

209 550 317 618 tende.
340 552 397 617 Per
415 549 609 617 deinum.
1260 550 1264 558 ‘

251 669 282 727 Im
296 668 329 725 ΙΙ.
350 669 430 745 Vesp.
446 688 542 727 comm.
559 670 704 746 sequentis.

241 875 314 971 23.
400 876 448 972 S.
485 875 689 996 Philip'pi
722 876 895 973 Benilii
928 874 1241 967 Confessoris.
1271 878 1401 1005 Dupl.

292 1046 366 1104 Aria.
384 1044 526 1104 Simiitbo
540 1063 619 1104 eum.
637 1042 711 1127 [46].
730 1048 758 1115 i.
776 1044 898 1104 Amaivit
912 1064 991 1104 eum.

760 1153 888 1215 Oratio.

213 1255 367 1423 Deus
388 1251 446 1335 qui
466 1270 522 1335 per
541 1250 671 1319 beitum
692 1250 881 1336 Philippum
904 1250 1130 1319 confessorem
1155 1263 1251 1320 tuum
1275 1252 1438 1321 eximium

321 1350 418 1416 nobis
436 1350 635 1417 humilititis
652 1348 840 1435 exemplum
861 1349 1005 1417 tribuisti
1028 1369 1035 1415 :
1058 1351 1097 1415 da
1123 1352 1256 1418 stimulis
1278 1352 1345 1419 tuis
1365 1351 1439 1437 prd-

200 1466 303 1531 ,spera
321 1448 435 1515 mundi
455 1468 496 1513 ex
515 1451 584 1535 ejus
600 1447 782 1515 imitatione
797 1447 970 1532 despicere,
988 1448 1171 1515 &caeltstia
1186 1469 1313 1535 semper
1328 1450 1440 1534 inqui-

211 1567 287 1612 rere.
310 1548 367 1612 Per
385 1544 579 1613 Dominum.

170 1714 171 1717 ,
198 1662 199 1667 ’
254 1664 334 1740 Vesp.
349 1663 382 1721 de
397 1662 428 1721 S.
445 1662 651 1733 Bartholomuo,
667 1682 763 1721 comm.
776 1664 896 1742 preced.
995 1652 999 1663 ¹

251 1767 264 1832 t
280 1760 371 1819 Romae
386 1762 493 1819 Festum
508 1761 540 1818 S.
557 1762 751 1819 Bartholomaei
763 1762 889 1840 Apostoli
899 1763 1054 1821 celebratur
1065 1764 1108 1819 die
1124 1781 1172 1838 25.

242 1975 314 2073 24.
346 1974 458 2103 [ns]
488 1977 536 2073 s
560 1978 1029 2088 nnnrnononfflr
1058 1979 1288 2100 Apostoli.

688 2140 798 2218 Duplex
811 2160 841 2197 2.
858 2140 959 2198 classis.

757 2247 886 2309 Oratio.

302 2352 476 2403 MNlPOTENs
495 2335 692 2421 sempiterne
710 2336 814 2413 Deus,
836 2336 893 2418 qui
915 2338 1012 2421 hujus
1035 2336 1100 2403 diei
1125 2339 1340 2404 venerindam
1365 2358 1441 2405 san-

322 2432 474 2517 &imque
494 2434 640 2501 laetitiam
662 2436 695 2500 in
715 2434 799 2500 betti
820 2432 971 2519 Apostoli
991 2436 1039 2501 tul
1064 2437 1289 2503 Bartholomaei
1314 2438 1441 2503 testivi-

209 2534 274 2600 tite
297 2532 439 2600 tribuisti
467 2552 474 2598 :
501 2535 541 2600 da
565 2532 711 2601 Eccldsiae
735 2543 816 2610 tuae,
843 2552 1056 2617 quaesumus;
1082 2534 1111 2599 81
1134 2536 1241 2600 amire
1264 2537 1354 2619 quod
1372 2535 1440 2602 cre—

209 2632 305 2708 didit,
326 2632 357 2695 &
376 2632 547 2717 praedicare
565 2633 654 2715 quod
674 2630 797 2699 docuit.
820 2633 877 2697 Per
896 2630 1090 2699 Dominum.
1413 2625 1418 2635 '

253 2750 308 2808 Ubi
320 2750 369 2807 hoc
384 2749 491 2807 Festum
500 2750 590 2827 agitur
604 2750 647 2807 dte
657 2766 720 2825 24„
732 2768 830 2805 comm.
843 2749 875 2805 S.
887 2748 1008 2825 Phriippi
1016 2749 1126 2807 Benitii.
1138 2749 1214 2808 Am.
1228 2750 1282 2809 Hic
1292 2751 1347 2808 vir.
1361 2747 1438 2832 [47]-

211 2842 238 2909 ᾖ.
251 2839 369 2917 Justum
384 2839 515 2897 deduxit.

250 2936 281 2994 In
296 2936 329 2994 ΙΙ.
350 2937 431 3013 Vesp.
449 2956 544 2994 comm.
560 2938 704 3013 sequentis.
819 3010 826 3021 ι

241 3142 314 3238 25.
339 3139 451 3267 [26]
482 3142 530 3238 S.
553 3142 785 3240 Ludovici
813 3149 1088 3234 Francorum
1117 3143 1267 3264 Regis²
1296 3142 1435 3235 Conf.

735 3294 918 3372 smmpux.

290 3410 365 3469 Aria.
382 3410 524 3469 Similibo
538 3430 616 3469 eum.
634 3408 709 3492 [46].
728 3413 756 3480 i.
774 3410 895 3470 Amavit
910 3430 979 3469 eum
995 3411 1151 3470 Dominus.

763 3518 891 3581 Oratio.

212 3622 373 3790 Deus,
399 3618 456 3701 qui
482 3617 612 3684 beitum
638 3615 837 3683 ludovicum
866 3615 1091 3683 consessorem
1121 3627 1216 3682 tuum
1244 3618 1286 3683 de
1313 3614 1441 3683 terreno

321 3736 420 3803 regno
439 3717 479 3782 ad
498 3716 637 3782 caeltstis
662 3716 753 3801 regni
778 3713 916 3802 gloriam
942 3714 1137 3783 transtulisti
1165 3734 1172 3781 :
1200 3718 1288 3800 ejus,
1309 3734 1441 3797 quaesu-

210 3834 296 3891 mus,
319 3814 445 3881 mdritis
469 3814 498 3879 u
524 3811 771 3890 intercessione,
794 3814 893 3900 Regis
917 3834 1030 3899 regum
1051 3815 1124 3896 Jesu
1148 3814 1268 3879 Christi
1293 3813 1365 3878 Filii
1390 3814 1439 3879 tui

208 3913 305 3979 iacias
325 3933 385 3980 nos
404 3932 474 3981 esse
493 3910 670 3979 consortes.
692 3912 757 3990 Qui
778 3922 886 3979 tecum
908 3913 1002 3978 vivit.

249 4030 280 4087 ln
295 4030 329 4087 ΙΙ.
352 4030 431 4106 Vesp.
448 4048 543 4087 comm.
561 4030 705 4106 sequentis.

249 4144 262 4209 l
276 4136 331 4196 Ubi
340 4138 447 4197 Festum
462 4136 492 4195 S.
506 4136 697 4195 Bartholomoei
709 4135 912 4195 celebrauerdie
922 4156 939 4193 2
942 4156 985 4215 5.,
998 4136 1029 4193 dc
1040 4135 1071 4193 S.
1086 4135 1267 4211 Ludovicofit
1280 4135 1322 4192 die
1337 4132 1399 4199 26„
1412 4138 1441 4190 et

211 4233 276 4287 tunc
291 4229 320 4285 in
333 4226 368 4285 ΙΙ.
384 4226 506 4304 Vesperis
521 4224 551 4283 S.
564 4224 764 4291 Bartholomoer',
772 4229 839 4302 post
847 4244 942 4282 comm.
956 4225 987 4283 S.
1002 4224 1134 4283 ludovici
1132 4225 1173 4300 fit
1182 4243 1276 4281 comm.
1290 4222 1322 4281 S.
1335 4223 1440 4300 Zephy-

210 4318 275 4382 rim',
292 4322 321 4374 et
332 4318 361 4373 in
377 4316 484 4391 Hymno
499 4314 554 4372 lste
568 4312 727 4373 Conse'ssor
740 4319 870 4371 mutatur
885 4316 980 4372 tertrus
995 4332 1096 4371 uersus.
