3159 4792
549 294 683 367 Fesi'a
700 295 816 365 iulii.
839 297 904 365 21.
927 298 1009 369 22.
1312 300 1390 368 373

205 442 303 589 goslar
317 459 412 499 comm.
427 439 456 501 S.
468 438 659 517 Margarita
677 440 707 498 V
705 441 802 518 irgr'nrlr
810 444 838 498 ei
848 441 992 517 Martyris.
1006 439 1081 499 Aria.
1094 441 1167 500 Veni
1179 460 1298 519 sponsa.
1313 440 1387 525 [51].

163 535 192 595 i.
226 530 307 607 picie
321 535 383 589 tua.

710 610 837 673 Oratio.

167 702 434 892 Irouiorrirrrm
455 717 566 793 nobis,
588 736 779 800 quaesumus
798 715 950 793 Dbmine,
978 718 1069 784 beita
1093 718 1262 803 Margarita
1286 721 1388 809 Virgo

234 818 403 902 &Martyr
427 815 578 900 impliret
599 834 606 880 ε
628 834 702 899 quae
726 816 784 881 tibi
809 826 898 901 grata
922 835 1050 900 semper
1072 815 1196 884 &xstitit
1219 819 1248 883 ἃ
1273 818 1389 886 ηιότίῑο

163 915 331 990 castitiis,
353 916 382 980 81
402 926 467 981 tuae
487 912 685 999 professirine
705 914 846 981 virtutis.
869 916 926 981 Per
944 914 1136 983 Diminum.

201 1025 234 1081 In
248 1022 284 1081 II.
304 1023 384 1101 Vesp.
402 1041 498 1080 comm.
514 1022 657 1100 sequentis.

194 1249 267 1345 21.
492 1248 541 1344 S.
570 1247 807 1344 Praxedis
834 1247 1051 1369 Virginis.

241 1428 316 1487 Aria.
334 1429 406 1487 Veni
429 1444 548 1503 sponsa.
567 1422 642 1508 [51].
661 1430 688 1496 i.
712 1426 814 1503 Spicie
833 1433 895 1486 tua.
995 1436 999 1444 '

712 1543 840 1606 Oratio.

245 1662 338 1709 xruoi
359 1662 419 1709 nos
438 1643 525 1710 Deus
548 1642 698 1708 salutiris
724 1651 862 1707 noster:
886 1654 921 1709 ut
945 1644 1029 1709 sicut
1052 1644 1092 1708 de
1115 1643 1216 1709 beitae
1239 1644 1389 1711 Praxidis

258 1741 404 1828 Virginis
422 1750 487 1807 tuae
505 1741 680 1807 festivitite
698 1738 896 1825 gaudimui3
916 1742 958 1807 ita
979 1742 1041 1824 piae
1059 1740 1245 1809 devotirinis
1264 1744 1389 1809 erudii-

163 1860 237 1908 mur
256 1837 385 1906 εῆὲἑὶυ.
407 1841 463 1905 Per
482 1837 675 1905 Diminum.

194 2084 267 2180 22.
341 2083 389 2179 S.
420 2082 583 2179 Mariae
612 2082 907 2204 Magdalenae
937 2082 1214 2173 Paenitentis.

721 2242 840 2321 Duplex.

208 2380 322 2446 Omnia
341 2384 379 2445 de
399 2380 568 2445 Communi
584 2398 639 2443 nec
657 2378 803 2463 Virginis
821 2399 876 2443 nec
894 2378 1060 2461 Martyris,
1078 2384 1194 2461 prater
1212 2400 1274 2466 req.

596 2520 644 2594 In
671 2520 703 2594 1.
732 2519 951 2618 vesperis.

681 2649 854 2726 Hymnus.

193 4300 323 4367 Lavi-re
371 4302 475 4376 tie-tu,
516 4297 652 4386 tirge-re
707 4301 830 4376 Comis,
860 4304 889 4367 8ι
928 4323 962 4367 o-
981 4322 1014 4367 re
1064 4299 1230 4366 limbe-re.
1270 4300 1304 4370 3.
1323 4300 1389 4365 Ad-
