3159 4792
432 276 564 348 Fes'ta
581 276 695 347 Julii.
718 276 800 347 26.
823 275 904 345 27.
927 276 1008 346 28.
1030 276 1111 346 29.
1304 277 1381 348 ait

705 420 834 483 Oratio.

160 522 313 691 Dauo,
335 518 392 602 qui
411 519 512 585 beitae
531 521 635 586 Annae
654 520 790 606 gratiam
811 517 952 584 confine
976 519 1130 604 dignitus
1153 538 1203 594 es,
1226 529 1262 587 ut
1284 521 1383 587 Geni·
1509 565 1513 575 -

264 618 352 684 tricis
382 617 543 705 unigdniti
573 619 647 685 Filii
677 620 724 684 tui
755 628 858 683 mater
885 617 967 683 affici
1000 618 1175 684 mereritur
1206 636 1213 684 :
1243 618 1383 684 concide

156 716 338 801 propitius;
361 727 397 783 ut
420 721 513 799 cujus
538 717 697 784 solimnia
721 717 935 791 celebrimus,
952 718 1022 803 ejus
1040 718 1127 801 apud
1146 728 1177 783 te
1197 717 1383 802 patrociniis
1403 727 1406 732 ’

155 814 358 901 adjuvimus.
381 815 438 881 Per
456 817 609 882 eumdem
630 814 824 882 Dominum.

195 940 227 998 In
241 940 276 999 ΙΙ.
297 939 377 1019 Vesp.
395 960 490 999 conrm.
507 942 650 1020 sequentis.

187 1157 260 1253 27.
455 1158 503 1255 S.
531 1156 841 1253 pantaleonis
869 1155 1096 1279 Martyris.

233 1327 308 1386 Aria.
326 1326 382 1387 lste
397 1324 526 1387 santius.
542 1324 617 1409 [14].
636 1330 664 1398 il.
682 1327 780 1387 Gloria
795 1327 822 1386 dr
836 1326 959 1385 honore.

705 1444 833 1506 Oratio.

229 1560 356 1619 unsri,
383 1560 575 1627 quaesumus
602 1540 815 1627 omnipotens
839 1543 925 1607 Deus
951 1560 959 1606 ε
987 1552 1023 1607 ut
1047 1541 1263 1608 interceddnte
1286 1543 1380 1609 beato

246 1640 440 1709 Pantaledne
459 1642 597 1728 Mistyre
615 1651 684 1718 tuo,
707 1642 736 1707 dr
755 1663 772 1706 a
792 1637 919 1706 cuncus
937 1640 1188 1707 adversititibus
1208 1639 1382 1707 liberdmur

127 1791 129 1795 α
154 1738 361 1826 incorpore,
387 1741 416 1806 81
440 1761 457 1806 a
482 1742 590 1825 pravis
614 1737 870 1826 cogitationibus
896 1737 1095 1806 mundamur
1118 1740 1151 1805 in
1176 1749 1298 1806 mente.
1324 1741 1382 1805 Per

154 1836 347 1907 Dominum.

184 2074 256 2171 28.
353 2076 431 2171 Ss.
463 2074 656 2170 Nazarii
682 2081 730 2170 et
757 2074 886 2171 Celsi
912 2078 1179 2197 Martyrum,

218 2225 389 2303 Victoris
410 2228 514 2323 Papae
535 2234 570 2301 et
591 2228 709 2321 Mart,
731 2249 771 2301 ac
790 2223 1010 2301 innocentii
1031 2226 1135 2323 Papae
1155 2234 1191 2301 et
1210 2228 1316 2302 Coni.

679 2353 862 2431 Semiduplex.

700 2469 829 2530 Oratio.

218 2584 392 2635 nacionum
419 2566 550 2635 tuorum
582 2586 657 2642 nos,
689 2564 847 2642 Domine,
878 2566 1020 2641 Nazirii‚
1044 2566 1149 2643 Celsi,
1180 2565 1321 2634 victoris
1349 2569 1379 2633 81

236 2666 414 2733 lnnocintii
443 2664 603 2733 consissio
632 2666 725 2731 beita
752 2664 958 2732 communiat
982 2683 990 2730 ε
1016 2665 1046 2729 8ι
1069 2665 1236 2750 tragilititi
1261 2676 1380 2733 nostrae

150 2764 336 2832 subsidium
357 2764 529 2851 dignanter
547 2762 668 2830 exoret.
691 2764 748 2829 Per
767 2761 961 2829 Diminum.

192 2880 273 2960 Vesp.
288 2901 306 2939 a
323 2880 417 2959 capit.
435 2883 468 2940 dc
481 2900 548 2959 seq„
561 2900 657 2939 comm.
667 2881 827 2959 procedet
841 2879 886 2937 Ss.
904 2879 1064 2951 Martyrum
1077 2884 1111 2937 ul
1123 2880 1208 2955 infla.

181 3106 254 3202 29.
497 3106 546 3204 S.
584 3105 786 3202 Marihae
815 3104 1030 3227 Virginis,

449 3266 632 3345 semuupux.
650 3266 702 3343 (in
718 3266 821 3333 cuin,
838 3266 947 3344 οαριαα
962 3266 1084 3345 majas.)

699 3383 828 3446 Oratio.

231 3501 325 3550 xnuul
356 3501 415 3548 nos
439 3483 525 3549 Deus
550 3481 700 3548 salutiris
727 3491 836 3548 noster
861 3498 868 3545 :
896 3490 934 3547 ut
956 3480 1040 3546 sicut
1063 3482 1103 3545 de
1126 3480 1227 3547 beitae
1246 3483 1378 3549 Marihae

253 3581 400 3667 Virginis
426 3590 491 3647 tuae
520 3580 694 3647 festivitate
717 3578 920 3665 gaudinius;
947 3579 991 3644 ita
1015 3579 1077 3663 piae
1100 3577 1286 3647 devotionis
1306 3602 1378 3649 eru-

147 3681 276 3747 diimur
294 3678 422 3746 anano.
444 3681 502 3744 Per
520 3678 712 3744 Dominum.

188 3795 293 3855 Comm.
308 3797 351 3855 Ss.
364 3796 483 3875 Nararii
493 3800 521 3853 et
535 3794 596 3853 Soc.
613 3794 687 3852 Aria.
701 3788 847 3853 Gaudent.
862 3788 891 3872 [3
900 3788 938 3872 1].
952 3794 980 3862 i.
994 3792 1199 3853 Exsulldbunt.

187 3914 290 3971 Deinde
304 3912 352 3975 Ss.
369 3910 499 3986 Felicis,
518 3908 691 3989 Simplicii,
708 3905 862 3971 Faustini
877 3911 912 3969 ot
926 3907 1089 3970 Beatricis
1111 3910 1279 3987 Martyrum.
1298 3911 1373 3969 Aria.

146 4001 271 4061 Istorum
286 4010 340 4061 est.
359 3998 433 4083 [29].
451 4007 479 4072 ll.
498 4001 662 4059 Laetdmini.

699 4081 828 4142 Oratio.

222 4199 345 4259 RAESTA,
367 4199 558 4266 quaesumus
578 4178 733 4255 aniine,
755 4190 793 4245 ut
810 4178 895 4243 sicut
915 4174 1056 4262 pdpulus
1074 4178 1270 4244 christiinus
1292 4178 1375 4244 Mir-

243 4289 353 4367 tyrum
373 4277 504 4346 tuorum
523 4276 649 4356 Felicis,
671 4275 847 4362 Simplicii,
868 4274 1011 4341 Faustini
1030 4277 1060 4341 81
1079 4276 1229 4343 Beatricis
1248 4286 1376 4361 tempo-
