3159 4792
665 254 802 325 Festa
818 251 934 321 lulli.
956 253 1003 323 5.
1023 254 1070 323 6.

256 695 374 761 ¹no-bis
393 696 489 759 bona
514 694 629 762 cunita
649 695 784 779 praebes,
833 694 907 760 Sint
924 694 1001 761 ti-bi
1020 714 1093 779 gra·
1105 707 1166 770 tes,
1201 696 1277 762 ti-bi
1314 696 1359 763 sit
1378 716 1435 781 pet

240 878 419 953 “““““ι““
582 846 723 952 ,ι

291 1094 389 1140 omne
430 1074 598 1141 filori-a
626 1077 774 1142 saeclum.
804 1076 939 1142 A-men.

331 1195 362 1268 l.
380 1189 565 1259 Sacerdotes
582 1193 631 1258 tui
654 1192 832 1258 induitntur
846 1190 1022 1278 justitiam.

332 1291 366 1375 sl.
389 1290 426 1355 Et
445 1288 547 1356 saniti
568 1292 616 1357 tui
637 1286 813 1356 exsultent.

608 1426 662 1486 Ad
675 1426 881 1502 magnificat,
896 1426 1102 1501 Antiphonti.

536 1849 634 1912 quam
656 1828 778 1912 spe-ci·
808 1826 872 1894 ό-ςί
902 1828 1010 1912 podes
1068 1848 1121 1893 ev
1120 1829 1265 1915 ange-li
1250 1829 1379 1895 -zanti-
1396 1850 1456 1895 um

272 2252 326 2317 pa·
357 2254 441 2309 cem,
474 2232 772 2319 evangelizanti
782 2233 918 2299 umbo·
959 2251 1011 2309 na,
1055 2231 1218 2299 di-cln-ti-
1232 2254 1289 2299 um
1309 2232 1358 2299 Sl
1377 2253 1454 2301 on:

256 2612 437 2699 Regno-ut
456 2612 571 2680 usus
589 2614 711 2681 tu-usi
751 2589 819 2679 si
849 2633 917 2680 ou
946 2633 964 2677 a
995 2634 1025 2678 e.

789 2729 918 2791 Oratio.

331 2836 505 2885 MNtPOTENs
524 2816 720 2903 sempiterne
744 2819 850 2895 Deus,
871 2818 929 2901 qui
954 2816 1117 2884 Slavoniae
1140 2829 1253 2904 gentes
1278 2838 1334 2903 per
1356 2820 1472 2889 beltos

351 2916 558 2984 Confessores
577 2929 653 2983 tuos
671 2928 768 2999 atque
788 2917 958 2983 Pontifices
976 2915 1137 3002 Cyrillum
1158 2918 1187 2981 81
1206 2917 1409 2985 Methodium
1427 2922 1472 2984 ad

239 3014 442 3101 agnitionem
464 3018 510 3081 tui
533 3014 679 3082 nominis
699 3016 809 3080 venire
827 3015 971 3081 tribuisti
990 3033 997 3079 :
1015 3025 1151 3098 praesta3
1170 3028 1205 3081 ut
1223 3035 1366 3098 quorum
1383 3018 1473 3082 lesti-

239 3115 338 3181 vititte
357 3114 549 3199 gloriamur,
573 3112 685 3179 eorum
705 3112 871 3179 consortio
891 3111 1094 3196 copulsmur.
1117 3114 1174 3179 Per
1192 3112 1387 3181 Dominum.

279 3230 386 3287 Comm.
406 3230 515 3288 Olioooe
529 3228 731 3307 Apostolorum.
751 3227 826 3287 Ario.
845 3228 947 3287 Petrus
961 3228 1134 3305 Apostolus.
1151 3225 1470 3306 362.i.c0nst1'tues.

240 3320 348 3377 Oratio.
367 3318 454 3387 Deus,
472 3319 522 3395 qui
537 3318 722 3377 hodilrnam.
739 3318 805 3375 ibid.

283 3444 323 3513 Iu
342 3444 384 3513 11.
406 3442 585 3532 vesperis,
606 3465 626 3510 a
647 3445 797 3525 Capitulo
814 3445 856 3525 fit
871 3448 909 3510 de
930 3443 1048 3511 Octava
1067 3444 1117 3509 Ss.
1138 3414 1362 3525 Apostolorum
1379 3446 1477 3512 Petri

237 3547 269 3607 et
285 3543 392 3617 Pauli,
413 3564 483 3609 cum
496 3562 651 3609 commem.
668 3544 886 3624 procedentis.

278 3663 292 3730 ff
307 3657 341 3715 Si
353 3658 387 3715 Il.
408 3658 437 3716 V
435 3665 532 3735 esperae
545 3660 664 3717 dicenda
678 3661 735 3717 sint
749 3661 871 3738 integra,
889 3657 1014 3734 Hymnus
1027 3661 1055 3714 et
1069 3660 1097 3726 l.
1110 3661 1144 3715 ul
1156 3659 1186 3715 in
1200 3657 1221 3717 l.
1237 3657 1371 3737 Vespero,
1383 3660 1474 3719 Anti-

231 3749 325 3827 phona
338 3748 375 3805 od
387 3748 552 3827 Magnifical
566 3754 600 3807 ut
612 3750 699 3823 infra.

269 3972 311 4067 6.
341 3972 397 4067 Iu
421 3971 604 4070 Octava
630 3974 708 4070 Ss.
729 3972 1066 4094 Apostolorum
1086 3972 1218 4069 Petri
1242 3980 1290 4069 et
1313 3974 1469 4073 Pauli.

789 4132 910 4212 Dupltx.

284 4247 399 4315 Oinma
417 4252 566 4317 di'cuntur
584 4254 621 4315 de
641 4250 812 4315 Communi
827 4251 1060 4332 Apostolorum,
1076 4255 1195 4331 proter
1212 4254 1381 4337 sequentis.
