3159 4792
222 335 297 405 152
629 333 837 407 sabbato
857 333 1042 407 Sancto.

260 481 332 539 Cum
347 481 477 557 incipitur
492 481 520 548 i.
538 479 671 537 Christus
687 477 778 537 iaitus
793 486 847 537 est.
864 499 953 538 animes
964 482 1157 558 genufleiiuml,
1168 479 1333 555 eieofiniia,
1344 480 1453 537 dicitur

220 569 303 629 Paie'r
318 575 426 636 noster,
445 572 533 624 talum
547 569 596 626 sub
610 569 726 626 silentia.
745 568 843 626 Postea
856 571 1059 646 aliquantulum
1072 570 1157 626 allisas
1173 568 1219 626 Ps.
1241 587 1291 646 5⁰·
1313 567 1452 626 Misert'ere

220 660 276 717 mei
293 659 381 716 Deus,
403 673 447 714 12.
466 657 629 734 Quafinila,
647 659 704 716 sim
718 658 856 726 Osinius,
873 659 976 716 dicitur
989 659 1074 716 simili
1084 677 1173 717 voce:

768 790 896 853 Oratio.

222 905 424 1070 Respice,
450 917 642 982 quaesumus
673 895 829 975 Dimitte,
853 877 949 982 super
973 901 1054 965 hanc
1079 897 1235 964 familiam
1260 908 1368 972 tuam,
1390 917 1453 982 pro

327 1017 391 1081 qua
416 997 577 1064 Dimissus
602 1007 710 1062 noster
729 997 821 1077 Jesus
844 995 993 1064 Christus
1018 1017 1083 1063 non
1108 997 1272 1064 dubitivit
1296 996 1453 1062 minibus

217 1097 298 1162 tradi
320 1093 520 1170 noce'ntium,
541 1095 571 1159 a
590 1096 694 1161 crucis
714 1094 824 1162 subire
844 1095 1059 1162 tormentum.
1082 1097 1146 1163 Sed
1161 1097 1227 1175 Qui
1252 1106 1373 1161 tecum.
1397 1096 1452 1160 di-

216 1195 300 1261 a'tar
318 1195 375 1259 sab
392 1195 527 1258 silentio.

614 1317 680 1392 Ad
702 1317 1046 1415 Completorium.

260 1481 333 1548 Noa
351 1481 467 1545 dicitur
480 1481 561 1560 Jube
580 1480 712 1545 domne.
730 1500 784 1545 nea
797 1481 897 1546 Leliio
912 1481 1024 1554 brevis,
1041 1500 1096 1545 nec
1111 1478 1333 1566 Adjuttirium.
1350 1499 1451 1565 neque

216 1577 329 1644 Oratio
348 1578 534 1659 Dominica;
552 1582 609 1642 sed
617 1581 705 1663 salla
729 1579 931 1663 Confessione
952 1583 986 1642 et
1004 1579 1225 1652 Absolutiam,
1251 1580 1402 1660 incipitur
1428 1599 1451 1644 a

214 1678 341 1741 Psalmo
358 1675 441 1742 Cum
463 1675 660 1742 invocirem.
682 1677 781 1742 Dillis
800 1678 935 1742 Psalmis
952 1678 1071 1742 dicitur
1089 1677 1184 1743 Nunc
1207 1675 1361 1743 dimittis.
1383 1677 1453 1742 De-

216 1776 287 1840 inde
307 1776 337 1852 i.
359 1774 509 1840 Christus
528 1771 632 1839 iaetus
652 1783 711 1839 est.
732 1793 803 1839 cam
820 1775 950 1858 reliquis
968 1779 1130 1856 utsupra.

261 1909 313 1973 Sic
341 1910 549 1973 terminantur
576 1927 679 1973 omnes
702 1907 799 1974 Hora
821 1909 855 1973 in
880 1907 935 1973 hoc
957 1909 1080 1982 tridua,
1107 1927 1203 1992 usqae
1225 1913 1270 1973 aa
1292 1909 1452 1990 Vesperas

217 2007 348 2072 Sabbaii
365 2007 482 2072 Sandi.

465 2302 604 2400 Paria
638 2303 788 2401 Sexta
819 2303 869 2397 in
902 2304 1192 2399 Parasceve.

664 2497 731 2573 Ad
757 2499 988 2595 vesperas.

259 2645 448 2725 Antiphone
465 2647 497 2708 et
512 2641 634 2708 Psalmi
644 2643 803 2723 praeteriti
819 2644 884 2707 diei
899 2644 1050 2708 dicantar
1067 2644 1133 2708 sine
1150 2647 1226 2708 cant
1250 2692 1258 2706 .

258 2770 314 2835 Aa
331 2769 527 2854 Magnificat,
548 2767 741 2848 Antiphoma.
763 2766 846 2832 Cum
867 2766 1043 2850 accepisset
1060 2765 1199 2843 acitum,
1221 2768 1306 2834 dixit
1328 2787 1336 2832 :
1358 2769 1452 2834 Con·
1576 2740 1577 2755 ἵ

215 2867 418 2934 summittunt
438 2875 488 2932 est
508 2884 516 2930 :
538 2865 567 2928 a
587 2865 744 2930 inclinito
763 2865 867 2948 cipite
885 2865 996 2930 emisit
1014 2864 1181 2949 spiritum.

259 2993 290 3070 i.
311 2990 460 3057 Christus
478 2987 581 3055 iaetus
600 3000 649 3056 est
668 3009 725 3073 pro
746 2989 842 3054 nobis
861 2988 1029 3055 obediens.
1050 2995 1083 3055 et
1098 2991 1165 3055 alia
1184 2995 1346 3072 utsupra.

258 3116 313 3181 Ad
332 3116 576 3196 Compleioriam
594 3115 699 3180 amaia
717 3119 880 3196 utsupra.

608 3427 819 3524 Sabbata
855 3428 1049 3525 sancto.

258 3635 349 3700 Falia
359 3635 583 3702 Communione
594 3635 771 3700 Sacerdotis
781 3637 814 3699 in
826 3636 935 3708 Missa,
948 3634 1054 3699 statim
1058 3641 1120 3715 pra
1132 3633 1297 3722 vesperis
1306 3637 1448 3704 dicitur:
1574 3715 1576 3743 Ι

227 3815 313 3877 Aisa.
328 3817 357 3876 6.
621 3810 632 3869 Ι
1103 3812 1446 3874 ini
1573 3802 1574 3835 ³

419 4082 552 4149 L-le-lii-

560 4083 601 4158 ia,
671 4083 802 4149 alle-lii-
818 4084 859 4160 ia,
913 4083 1092 4150 alle-lii-ia.
1137 4085 1418 4151 Euouae.

301 4209 355 4272 Ps.
381 4209 454 4272 116.
477 4206 614 4272 Laudite
634 4204 815 4274 Diminum
836 4226 952 4273 omnes
971 4218 1095 4292 gentes.
1118 4228 1151 4294 9.

256 4332 296 4395 Et
312 4332 461 4413 repetitur
478 4332 554 4396 Atia
573 4330 726 4397 Alleluia.
748 4337 911 4413 utsupra.
