3159 4792
432 1081 539 1163 AE-pe.
637 1081 809 1145 Euou
856 1099 945 1143 ae.

393 1203 556 1272 Psalmus
576 1203 653 1272 128.
868 1222 920 1279 tur
951 1213 980 1276 81
1012 1211 1242 1278 convertimur
1279 1211 1455 1280 retrursum
1563 1258 1564 1309 t

163 1349 165 1356 >
236 1311 365 1484 Sues
385 1309 654 1398 expugnaverunt
674 1331 726 1376 me
740 1331 758 1376 a
769 1313 819 1396 ju·
868 1312 1059 1394 omnesqui
1080 1308 1218 1376 oderunt
1237 1311 1327 1376 Sion.

314 1411 448 1476 venture
473 1431 554 1484 mea,
581 1409 596 1442 *
621 1411 706 1475 dicat
731 1428 819 1475 nunc
912 1408 1406 1476 Fiantsicutfoenumteiirirum
1422 1409 1457 1474 ε*

230 1508 322 1574 israel
345 1527 352 1574 :
868 1508 957 1591 quod
977 1507 1166 1593 priusquam
1186 1508 1354 1584 evellitur,
1381 1510 1455 1576 exi·

274 1606 364 1690 Saepe
384 1607 653 1693 expugnaverunt
673 1628 725 1672 nre
740 1627 758 1671 a
769 1610 819 1692 ju·
869 1607 944 1672 ruit.

230 1705 364 1771 venture
385 1725 456 1770 mea
478 1725 485 1770 :
503 1705 518 1738 *
538 1705 661 1773 etenim
679 1725 745 1771 nou
761 1725 819 1790 po-
912 1707 958 1770 De
976 1724 1044 1788 quo
1065 1723 1131 1770 non
1152 1703 1303 1789 implevit
1318 1727 1454 1772 manum
1564 1744 1565 1747 π

231 1802 363 1870 ωότυηῖ
384 1805 478 1869 mihi.
868 1823 961 1870 suam
972 1803 1029 1886 qui
1042 1803 1146 1878 metit,
1160 1803 1213 1868 *ἃ
1228 1805 1338 1871 sinum
1354 1824 1453 1873 suum

274 1899 376 1986 Supra
395 1903 527 1968 dorsum
554 1923 664 1969 meum
685 1903 819 1968 fabrica-
868 1903 925 1985 qui
946 1901 1133 1986 manipulos
1151 1901 1290 1993 ceilligit.

231 2000 346 2066 verunt
365 1999 546 2084 peccatures
576 2018 582 2065 :
610 2001 624 2032 ⁸
646 2003 819 2086 prolonga·
913 2002 950 2066 Et
969 2020 1035 2066 uun
1054 2000 1213 2089 dixerunt!
1230 2003 1287 2085 qui
1314 2002 1456 2086 praeteri-

231 2097 348 2164 verunt
369 2099 577 2182 iniquititem
598 2119 704 2166 suum.
867 2099 947 2164 bant
967 2117 975 2164 ε
992 2097 1176 2164 Βεηεάίᾶἰο
1201 2099 1333 2166 Βόιηίηἰ
1358 2121 1460 2187 super

276 2195 438 2263 Diminus
453 2199 563 2282 justus
588 2197 731 2263 concidit
753 2217 820 2263 cer·
868 2217 927 2264 vos
955 2216 962 2263 ε
998 2196 1012 2229 *
1039 2197 1269 2265 benediximus
1296 2199 1391 2266 vobis
1420 2203 1454 2266 in

231 2293 317 2360 vices
336 2293 538 2378 peccaturum
562 2293 820 2361 :*c0nfundin-
868 2294 1003 2362 nimine
1021 2295 1167 2364 Dumini.

435 3102 457 3166 E
481 3103 674 3185 pro-fundis.
760 3106 781 3170 E
809 3126 829 3172 u
858 3125 878 3171 ο
907 3124 927 3171 u
956 3125 974 3170 a
1006 3127 1035 3171 e,

391 3225 553 3295 Psalmus
572 3228 650 3298 129.
910 3238 1072 3306 Sustinuit
1089 3240 1200 3305 inima
1214 3263 1286 3307 mea
1303 3243 1336 3308 in
1351 3245 1453 3309 verbo

317 3349 334 3395 E
356 3333 524 3416 profundis
548 3337 685 3402 claruivi
714 3338 754 3402 ad
783 3347 815 3404 te
866 3340 964 3423 ejus:
986 3336 1289 3422 *sperivitinima
1318 3361 1389 3406 mea
1417 3343 1451 3407 in

334 3429 475 3497 Dumine
496 3451 503 3498 :
525 3431 539 3464 ⁴
558 3433 698 3500 Dumine
717 3435 815 3503 exiu-
865 3433 1019 3502 Dumino.

227 3527 259 3591 di
280 3547 393 3594 vocem
417 3551 535 3597 meam.
908 3534 1099 3602 Acustudia
1115 3536 1276 3604 matutina
1291 3558 1396 3622 usque
1410 3542 1451 3606 ad

270 3626 362 3693 Fiant
375 3649 467 3696 aures
482 3641 545 3698 tuae
565 3632 782 3711 intendentes,
800 3634 815 3666 *
865 3631 993 3699 notium
1016 3653 1023 3698 :
1046 3633 1060 3664 ⁸
1080 3645 1186 3719 speret
1211 3636 1302 3702 lsrael
1333 3637 1365 3701 in
1385 3637 1451 3704 Dri-

226 3723 393 3791 invocem
414 3729 648 3813 deprecatiunis
669 3752 759 3798 rneae.
863 3733 966 3798 mino.

269 3823 302 3888 Si
348 3825 538 3909 iniquitites
588 3831 812 3898 observiveris
905 3832 990 3910 Quia
1008 3833 1095 3916 apud
1119 3831 1297 3898 Diminum
1323 3835 1451 3901 miseri-

224 3919 387 3989 Dtimine:
409 3922 423 3953 *
443 3923 595 4004 Dumine,
617 3929 693 4011 quis
712 3932 811 3996 susti·
860 3927 968 3995 crirdia
994 3949 1002 3995 :
1030 3928 1045 3960 *
1067 3931 1096 3996 8ι
1116 3930 1248 4016 cupitisa
1267 3936 1353 4017 apud
1371 3955 1448 4000 eum

224 4017 339 4084 nebit?
862 4027 1053 4113 redemptio.

266 4119 351 4194 Qua
362 4121 447 4203 apud
459 4131 490 4186 te
500 4142 592 4208 propr
595 4125 687 4190 ratio
702 4128 808 4192 est
904 4127 974 4192 Et
968 4147 1036 4211 ipse
1065 4127 1201 4195 redimet
1229 4129 1378 4205 lsraei*
1407 4153 1448 4198 ex

221 4215 250 4278 8ι
271 4228 399 4300 propter
419 4219 562 4305 legeuit
564 4241 639 4287 uam
664 4223 807 4292 sustinui
859 4223 1016 4293 rimuibus
1031 4228 1263 4310 iniquitatibus
1280 4231 1361 4314 ejus.

221 4320 253 4376 te
272 4311 1012 4390 Dumine.01<'>ria
1031 4327 1126 4392 Patri.
