3159 4792
231 272 310 340 418
546 273 681 344 Festa
699 267 996 353 Septembris.
1020 270 1084 340 16.
1107 268 1171 338 17.

274 416 378 474 Comm.
406 415 456 477 Se.
478 415 683 495 Euphemiam
703 414 814 478 Lucia
830 418 865 477 et
880 410 1068 476 Geminiani
1089 412 1258 489 Martyrum.
1281 412 1356 472 Aria.
1379 411 1462 469 Gau-

232 506 304 564 dent
318 506 347 564 in
362 506 450 565 caelis.
468 502 543 587 [31].
561 511 590 577 y.
608 505 805 567 Exsulta'bunt
818 502 910 564 santii
926 502 1074 581 ingloria.

780 622 908 683 Oratio.

308 736 418 787 mesra
437 718 578 785 deine
593 718 740 807 precibus
760 719 881 786 nostris
898 738 974 785 cum
994 714 1212 784 exsultatione
1230 713 1426 800 proventum
1447 733 1455 782 :

233 724 303 897 P
325 829 362 884 ut
380 816 566 886 annorum
587 819 764 905 Mirtyrum
780 817 979 902 Euphemiae,
996 817 1100 883 Lucia
1114 818 1142 881 81
1157 814 1358 891 Geminiini,
1374 833 1460 898 quo-

233 937 304 983 rum
324 918 411 983 diem
433 916 593 1001 passionis
612 918 720 983 innua
745 915 921 983 devotione
944 912 1135 991 recolimus,
1156 912 1254 980 etiam
1280 912 1355 978 irdei
1380 931 1460 979 con-

233 1017 386 1082 sttntiam
407 1016 657 1099 subsequimur.
680 1017 736 1081 Per
754 1013 947 1081 Dominum.

273 1147 287 1214 i
302 1142 337 1199 Si
349 1141 457 1199 festum
471 1142 515 1199 Ss.
534 1141 654 1199 Cornelii
667 1145 694 1199 et
709 1140 844 1218 Cypriani
854 1140 1005 1197 celebretur
1017 1139 1073 1196 alia
1086 1139 1139 1205 dre,
1146 1144 1200 1216 pro
1209 1138 1460 1195 commerueratrbne

233 1230 277 1289 Ss.
300 1230 466 1309 Euphemiae,
489 1231 579 1289 Luna
601 1235 630 1289 et
653 1230 811 1289 Geminiani
831 1232 861 1287 in
887 1230 1010 1305 Vesperis
1031 1232 1158 1285 mutatur
1179 1226 1245 1285 Aria
1266 1226 1393 1285 Istorum
1413 1233 1458 1285 est

232 1320 321 1378 enim.
340 1321 368 1388 i.
387 1318 551 1378 Laetaimini.

275 1436 354 1515 Vesp.
371 1437 403 1495 de
416 1437 547 1513 sequenti,
564 1455 659 1495 ronan.
672 1437 790 1514 praeced.

1303 1558 1454 1566 *0-

266 1659 338 1756 17.
375 1661 716 1783 impressionis
750 1662 1008 1758 Sacrorum
1042 1660 1325 1781 Stigmatum

510 1840 547 1915 in
566 1860 706 1939 corpore
725 1840 755 1916 S.
775 1839 947 1915 Francisci
967 1838 1186 1915 confessoris,

786 1984 906 2063 Duplex.

278 2118 393 2185 Omnia
410 2120 559 2185 dicuntur
576 2124 614 2185 de
639 2120 809 2185 Communi
831 2120 1027 2206 Confessoris
1051 2138 1115 2185 non
1143 2118 1322 2204 Pontifices,
1340 2123 1459 2200 prata

232 2219 402 2303 sequentia.

276 2353 311 2418 ln
330 2354 453 2433 Hymno
472 2352 531 2418 iste
549 2336 734 2427 Conse'ssor,
755 2354 881 2419 artatur
902 2375 913 2418 .·

974 2637 1342 2697 -Ι

269 2765 334 2828 Hac
357 2764 443 2828 di-e
473 2764 576 2828 laetus
601 2760 723 2828 me-ru-
742 2763 767 2828 it
790 2762 846 2827 be·
865 2762 931 2829 i-ta
978 2759 1135 2828 Virlne-ra
1159 2762 1291 2827 Christi.
1373 2793 1375 2796 ·

321 2898 353 2976 i.
375 2896 518 2982 Signisti
540 2894 679 2963 Domine
698 2916 829 2963 servum
849 2909 943 2963 tuum
964 2896 1180 2962 Franciscum.

322 2998 357 3081 ni.
378 2996 489 3079 Signis
509 2992 742 3079 redemptionis
763 3005 891 3063 nostrae.

272 3119 321 3177 Ad
333 3118 508 3198 Mugmfirat,
527 3120 601 3178 Aria.
618 3120 762 3179 Similaibo
776 3138 856 3179 eum.
872 3118 947 3202 [461.

778 3238 906 3299 Oratio.

234 3338 418 3505 Donate
433 3335 507 3416 Jesu
527 3334 664 3411 Christe,
682 3336 739 3418 qui
760 3334 951 3421 frigescente
971 3338 1106 3413 mundo,
1124 3337 1163 3402 ad
1184 3335 1456 3402 inilammindum

338 3434 433 3501 corda
453 3444 560 3500 nostra
584 3435 632 3499 tui
657 3432 778 3500 amoris
803 3436 894 3519 igne,
922 3435 955 3500 in
979 3454 1073 3501 carne
1096 3434 1276 3502 beatissimi
1300 3433 1456 3501 Francisci

230 3530 393 3616 passionis
423 3542 488 3598 tuae
516 3550 602 3598 sacra
630 3531 785 3618 stigmata
815 3533 974 3599 removisti
1006 3552 1013 3598 :
1043 3532 1182 3600 concede
1210 3532 1390 3618 propitius;
1422 3542 1459 3598 ut

231 3631 301 3716 ejus
328 3629 452 3695 meritis
475 3629 674 3714 &precibus
701 3650 829 3697 crucem
856 3631 978 3717 jugiter
1007 3631 1163 3708 ierimus,
1188 3632 1218 3696 a
1246 3632 1366 3715 dignos
1391 3634 1458 3697 iru-

233 3726 305 3795 tius
325 3727 518 3811 paenitentia
537 3728 704 3794 iaciimus.
726 3730 790 3808 Qri
812 3730 943 3795 vivis&
965 3748 1089 3815 regnas.

229 3942 248 4000 b
271 3852 377 3999 Comgrr.
395 3852 438 3909 Ss.
456 3852 580 3911 Caerulir'
591 3858 619 3912 et
632 3851 775 3932 Cypriani.
795 3853 870 3912 Aria.
887 3855 1024 3913 Gaudent
1038 3855 1068 3913 in
1082 3854 1172 3914 caelis.
1190 3851 1265 3936 [31].
1283 3857 1312 3924 i.
1325 3854 1459 3914 Exsultai·

250 3947 314 4000 unt.
373 3947 415 3999 at.
431 3959 500 4019 417.

269 4049 299 4106 V
297 4055 349 4127 esp.
365 4069 384 4107 a
399 4047 493 4127 Capit.
510 4050 542 4107 de
556 4051 687 4127 sequenti,
706 4070 804 4109 comm.
816 4052 934 4129 preced.

705 4243 998 4288 -ῃκ-
