3159 4792
465 229 597 302 Festa
614 230 748 301 lunii.
770 231 852 307 29.
1166 227 1271 321 [143]

983 409 1188 470 r—r

59 518 253 561 -4-
454 476 1189 537 nnumin-r

337 552 355 595 ι
385 553 403 596 ι
453 542 1189 604 -ιιιιιιιιιιῑιιιι

59 680 144 726 vum
171 678 227 725 cor
257 657 438 736 omni-bus,
461 660 525 739 Qpi
559 668 591 724 te
617 658 786 744 gemontes
825 655 998 725 invo-cant.
1030 660 1163 725 A-men.

131 788 163 865 i.
187 782 405 851 Misericordia
420 782 553 851 Domini
573 805 590 848 a
609 782 763 869 progonie
783 784 818 850 in
838 782 1021 870 progonies.

132 886 168 971 ri.
192 882 401 951 Timontibus
421 902 509 949 eum.

409 1018 463 1079 Ad
476 1018 682 1096 magnificat,
699 1019 904 1095 Antiphona.

250 1423 404 1509 Usco-pit
423 1444 483 1492 nos
515 1422 689 1491 Domi-nus
723 1425 756 1491 in
786 1425 910 1491 si-num
938 1425 968 1490 δι
1000 1425 1063 1491 Cor
1099 1445 1234 1503 smum,

72 1814 288 1881 remordit-tus
308 1814 568 1882 mi-se-rieordi-
591 1837 619 1883 ae
667 1835 771 1893 su-ae‚
800 1816 999 1882 al-le-lir-ia.

90 2186 362 2254 Euouae

594 2277 722 2340 Oratio.

125 2394 164 2442 Ac
179 2396 252 2454 nos,
270 2375 409 2443 Domine
428 2378 514 2459 Jesu,
537 2374 735 2443 sanctissimi
756 2376 871 2443 Cordis
889 2378 937 2443 tui
961 2376 1139 2443 virtirtibus
1164 2375 1269 2452 indui,

145 2472 358 2543 &affectibus
373 2474 567 2541 inflammari
596 2492 602 2539 :
620 2485 657 2541 ut
676 2476 705 2540 81
721 2476 857 2561 imigini
882 2476 1038 2541 bonititis
1061 2485 1126 2542 tuae
1144 2474 1272 2542 comior-

60 2592 129 2649 nes,
150 2573 180 2638 δι
198 2584 264 2639 tuae
283 2572 517 2659 redemptionis
542 2574 723 2639 mereimur
745 2593 816 2641 esse
840 2573 1022 2659 participes.
1048 2574 1113 2653 Qui
1133 2576 1220 2641 vivis
1242 2575 1272 2639 81

60 2691 160 2757 egnas
174 2692 248 2738 cum
270 2673 336 2739 Deo
356 2674 456 2739 Patre.

478 2939 645 3027 FESTA
680 2940 848 3027 JUNll.

78 3124 151 3220 29.
188 3125 436 3225 commem
474 3124 688 3221 Omnium
724 3126 802 3222 Ss.
837 3125 1173 3247 Apostolorum

333 3294 370 3369 in
389 3294 487 3370 Festo
506 3294 555 3370 Ss.
577 3296 695 3393 Aposi.
715 3294 808 3370 Petri
827 3297 861 3370 et
879 3294 989 3370 Pauli.

524 3450 605 3511 1121.
622 3450 797 3527 Vesperis.

92 3565 282 3646 Aniiphona.
303 3562 445 3631 Tradent
463 3564 552 3630 enim
572 3584 644 3631 vos.
665 3562 725 3655 [7].
748 3566 779 3645 l.
792 3535 1100 3633 'Annuntiavomnt
1122 3562 1151 3655 [ι
1164 3564 1206 3657 ι].

521 3711 562 3770 In
575 3711 618 3771 11.
635 3711 809 3786 vesperis.

91 3820 279 3904 Antiphone.
301 3822 410 3892 Estote
430 3827 538 3891 sortes.
560 3822 643 3915 [11].
666 3828 697 3905 l.
720 3827 753 3892 ln
773 3847 907 3892 omnem
927 3836 1055 3892 terram.
1079 3823 1140 3918 [7].

593 3952 721 4015 Oratio.

64 4050 200 4215 Deos,
214 4048 344 4130 quinos
359 4068 414 4133 per
427 4050 540 4115 beritos
550 4049 728 4134 Apostolos
742 4062 818 4117 tuos
831 4052 871 4116 ad
886 4050 1088 4135 agnitionem
1102 4052 1151 4117 tui
1169 4049 1272 4118 nomi·

158 4146 208 4211 nis
230 4146 340 4212 venire
364 4148 506 4215 tribuisti
534 4168 542 4213 :
570 4150 609 4214 da
630 4149 726 4217 nobis
745 4148 859 4216 eorum
879 4147 1017 4236 gloriam
1038 4148 1268 4233 sempitornam

64 4246 77 4307 'e
98 4242 292 4327 proficiondo
311 4246 480 4323 celebrire,
501 4248 532 4312 ἃ
546 4248 737 4315 celebmindo
756 4246 921 4333 proficere.
944 4249 1002 4314 Per
1020 4246 1212 4316 Dominum.
