3159 4792
418 273 463 347 8.
484 274 683 348 silvestri
708 274 845 356 Papae
865 274 912 343 et
932 271 1062 346 conf.
1285 272 1338 343 95

169 749 187 792 a
274 746 397 792 co-ram
417 727 520 792 De-o
556 724 824 792 &homini-bus.
868 725 1143 790 Euouae.

154 852 280 918 Oratio.
302 851 523 936 Omnipotens
542 849 738 935 sempitirne
757 851 855 917 Deus.
878 854 1038 932 utsupra.

151 1033 191 1098 Si
212 1032 279 1097 dies
298 1037 373 1114 post
392 1031 515 1096 Festum
538 979 572 1096 S.
605 1028 726 1096 Thomu
741 1031 847 1117 fuerit
868 1031 1055 1105 Sabbatum,
1078 1030 1220 1113 Officium
1241 1032 1283 1111 fit
1299 1034 1338 1095 de

110 1129 229 1196 Oliava
248 1130 435 1196 Natiuitatis
454 1131 509 1195 hoc
526 1133 645 1195 modo:

151 1257 186 1320 In
206 1256 244 1320 ΙΙ.
264 1255 408 1337 Vesperis
426 1257 461 1321 S.
483 1253 604 1320 l'ooma
623 1255 728 1320 omnia
746 1255 896 1320 dicuntur
913 1255 996 1320 sicut
1012 1255 1045 1319 in
1059 1255 1098 1320 Il.
1117 1253 1260 1334 Vesperis
1274 1255 1338 1318 diei

104 1354 306 1427 Natiuitatis,
324 1357 362 1440 83
385 1353 456 1439 (sed
473 1373 536 1419 nou
554 1354 757 1436 duplicantur
774 1354 999 1442 Antiphona);
1017 1357 1134 1435 etpost
1152 1351 1336 1418 Orationem

106 1453 297 1519 Natiuitatis
307 1454 354 1538 fil
369 1472 525 1518 commem.
547 1452 583 1518 S.
610 1450 747 1526 Thoma,
768 1453 880 1518 deinde
898 1452 933 1517 S.
961 1452 1125 1534 Stephani,
1146 1455 1178 1516 el
1197 1451 1336 1516 aliarum

107 1549 311 1625 Ouavarum,
332 1554 493 1633 utsupra,
516 1570 570 1638 92.

148 1677 207 1742 Aa
231 1677 400 1758 Vesperas,
427 1677 615 1758 Antiphona
633 1679 665 1740 et
690 1675 814 1741 Psalmi
835 1679 874 1740 de
899 1675 1077 1743 Natiuitate
1099 1675 1246 1749 Domini,
1272 1678 1332 1764 83,

104 1779 136 1840 el
151 1775 344 1858 Antiphona
366 1775 581 1856 duplicantur.
605 1775 789 1856 Capitulum
807 1775 978 1859 etreliqua
996 1778 1034 1840 de
1053 1775 1088 1840 S.
1111 1773 1275 1839 Silueslro.

149 1928 189 1992 Si
205 1928 329 1993 Festum
348 1926 384 1992 S.
406 1928 554 1994 Silvestri
569 1927 692 1993 venerit
710 1929 742 1993 in
761 1929 939 2003 Dominica,
960 1928 1068 2011 agitur
1090 1932 1129 1993 de
1151 1927 1242 1992 Festo
1265 1947 1336 1993 cum

104 2045 261 2092 commem.
280 2026 454 2092 Dominica
468 2027 502 2090 in
516 2027 540 2092 I.
559 2027 702 2110 Vesperis
716 2031 789 2093 aula
802 2046 959 2092 commum.
976 2025 1114 2092 omnium
1130 2025 1331 2091 Oltaoarum.

594 2327 635 2389 nie
648 2326 686 2389 31.
702 2326 852 2389 lleoemhrts.

255 2469 304 2566 S.
342 2469 566 2566 Silvestri
600 2471 745 2592 Papae
781 2477 829 2566 et
863 2469 1181 2567 confessoris

657 2641 776 2720 Duplex.

145 2795 178 2860 A
198 2794 360 2876 Capitulo,
382 2794 485 2860 omnia
504 2799 541 2860 de
562 2795 730 2860 Communi
749 2795 945 2881 Cousessoris
963 2795 1061 2860 Ponti
1102 2795 1139 2859 is.

653 2937 781 3002 Oratio.

106 3049 228 3216 Du,
253 3061 446 3128 quaesumus
473 3044 682 3131 omnipotens
710 3046 827 3112 Deus:
858 3056 895 3113 ut
917 3046 1002 3113 beiti
1026 3043 1172 3112 Silvistri
1197 3043 1331 3110 Contes-

207 3140 292 3208 soris
314 3143 362 3208 tui
388 3153 485 3226 atque
509 3143 675 3212 Pontificis
698 3145 880 3211 venerinda
903 3144 1112 3220 solimnitas,
1133 3145 1162 3209 ἃ
1186 3141 1334 3208 devotio·

104 3259 176 3306 nem
196 3241 295 3308 nobis
313 3241 430 3327 iugeat
447 3233 476 3307 o
495 3243 647 3310 saltitem.
670 3245 727 3310 Per
746 3243 941 3310 meinum.

143 3377 267 3442 Deinde
282 3378 331 3461 fit
347 3379 594 3443 comnumoratio
615 3382 654 3444 da
677 3379 844 3446 Dominica
866 3381 918 3444 uel
938 3382 976 3443 de
999 3378 1035 3442 S.
1068 3375 1196 3451 Thomu,
1222 3375 1333 3441 danda

101 3478 138 3538 da
156 3473 296 3549 omanis,
318 3478 479 3557 utsupra,
501 3495 555 3564 92.

596 3738 831 3915 «tow
