3159 4792
458 221 886 337 ronroratronum.¹
1175 263 1279 358 [189]

360 595 518 706 Toni
548 595 929 708 Orationum.

88 850 165 911 Toni
181 850 357 913 orationum
373 859 444 911 sunt
458 859 527 920 tres,
544 851 698 928 festivus,
715 852 860 933 simplex
874 852 1014 930 ferialis,
1032 853 1214 917 &ferialis

436 1027 471 1079 1.
493 1007 559 1080 De
578 1005 701 1080 Tono
727 1005 892 1082 festivo.

88 1156 246 1215 Orationes
269 1159 408 1217 dicuntur
431 1157 460 1216 in
484 1163 557 1216 tono
576 1158 698 1226 sestiv0,
721 1160 840 1234 quando
861 1158 1001 1218 Officium
1021 1165 1066 1218 est
1085 1159 1209 1236 duplex,
1231 1159 1278 1218 vel

52 1247 242 1323 remiduplex,
259 1248 306 1305 vel
320 1250 356 1306 de
371 1247 536 1316 Dominica,
554 1247 584 1305 in
599 1248 762 1315 MatutiniS,
780 1249 876 1307 Missis
891 1249 1072 1325 &Vesperis
1087 1249 1137 1307 His
1148 1251 1278 1327 exceptis

52 1353 165 1413 semper
178 1337 316 1396 dicuntur
331 1338 360 1395 in
375 1336 461 1396 Tono
475 1337 576 1396 feriali.
610 1354 612 1357 ·
973 1329 974 1332 ¹

86 1426 117 1483 ln
132 1425 219 1485 Tono
234 1427 340 1486 festivo
355 1429 421 1486 duae
436 1428 498 1486 fieri
513 1428 609 1486 solent
623 1428 811 1487 variationes.
830 1427 926 1486 Prima
941 1433 986 1486 est
992 1432 1042 1504 fa,
1060 1431 1112 1495 mi,
1130 1448 1174 1498 re,
1183 1432 1235 1504 ja,
1253 1431 1278 1488 dt

52 1515 155 1574 licitur
170 1514 311 1593 punctum
327 1517 486 1594 principale
499 1535 504 1586 ;
522 1519 649 1576 secunda
664 1524 709 1576 est
715 1521 761 1592 sa,
778 1517 827 1585 mi,
843 1518 990 1577 &dicitur
1005 1516 1233 1595 semipuntlum.

88 1602 233 1663 Punctum
249 1606 407 1684 principale
422 1608 457 1666 fit
471 1607 611 1666 concluso
626 1625 714 1666 sensu
728 1607 804 1666 illius
820 1606 957 1666 clausulae
972 1626 1039 1683 quae
1058 1607 1184 1683 primam
1205 1608 1279 1666 Ora-

52 1696 138 1753 :ionis
153 1701 267 1772 partem
282 1698 431 1766 terminat,
449 1716 555 1756 vocem
570 1697 733 1765 retinend0,
751 1697 1007 1773 &aliquantulum
1023 1699 1202 1774 respirand0,
1220 1717 1278 1756 ser-

52 1790 120 1843 uato
144 1792 244 1844 tamen
269 1792 357 1846 cantu
380 1787 538 1863 superioris
561 1787 681 1864 regulae.
708 1784 933 1863 Semipunclum
958 1787 993 1845 srt
1012 1788 1117 1846 eodem
1137 1789 1228 1846 modo
1248 1788 1277 1846 in

52 1876 182 1950 sequenti
197 1875 342 1943 clausula,
360 1878 458 1953 posito
473 1882 562 1936 cantu
573 1879 621 1952 sa,
638 1878 686 1945 mi,
703 1876 729 1935 ἃ
747 1877 805 1935 hoc
825 1875 1014 1954 intelligitur,
1037 1878 1156 1952 quando
1175 1877 1279 1936 Oratio

52 1970 92 2022 est
108 1966 148 2022 ita
162 1966 267 2042 longa,
286 1971 318 2023 ut
332 1967 426 2042 possit
440 1967 566 2043 recipere
580 1967 653 2024 duas
669 1965 857 2024 variationes.
881 1965 931 2024 Sin
951 1971 1051 2025 autem
1071 1967 1125 2024 erit
1143 1967 1275 2036 brevior,

52 2071 120 2113 :unc
135 2055 186 2112 fret
201 2061 318 2114 tantum
339 2052 481 2132 punctum
501 2055 671 2132 principale.
692 2055 852 2131 Nunquam
873 2055 969 2132 primo
989 2056 1024 2113 sit
1043 2053 1275 2132 semipundlum,

52 2146 99 2202 sed
123 2145 237 2203 tamdiu
262 2146 464 2222 prosequitur,
490 2147 585 2204 donec
609 2147 733 2203 invento
752 2146 856 2222 primae
877 2145 1016 2204 clausulae
1035 2146 1126 2204 verbo
1145 2151 1279 2204 cantetur

52 2231 191 2293 sunctum
207 2233 376 2311 principale,
394 2241 495 2312 postea
510 2232 739 2312 semipundtum.
762 2234 819 2293 Sed
839 2236 959 2310 quando
978 2235 1081 2294 Oratio
1102 2241 1148 2293 est
1167 2237 1279 2294 brevis-

52 2323 138 2391 sima,
165 2330 198 2381 ut
217 2325 342 2400 exempli
361 2326 457 2401 gratia
480 2322 572 2384 sancti
593 2324 704 2383 Callisti
729 2324 832 2382 Oratio
852 2322 899 2402 (p.
922 2323 1014 2403 440),
1037 2330 1109 2383 tunc
1131 2327 1279 2385 omittitur

52 2409 277 2487 semipundtum.
294 2410 485 2489 Semipuncto
501 2411 632 2491 pera6t0,
649 2414 787 2489 quamvis
802 2414 926 2472 diversae
946 2419 1106 2490 sequantur
1121 2414 1275 2484 clausulae,

52 2501 176 2577 amplius
196 2519 256 2560 non
275 2503 310 2560 fit
329 2500 471 2579 punctum
492 2503 539 2562 vel
558 2500 787 2579 semipundlum.
811 2501 917 2561 Praeter
937 2504 1000 2561 haec
1019 2500 1141 2580 puntta,
1163 2505 1278 2579 quoties

52 2597 208 2650 securrunt
231 2591 369 2669 virgulae,
396 2597 467 2651 nota
482 2595 520 2668 sa
541 2599 586 2650 est
609 2610 714 2669 parum
740 2594 932 2651 sustentanda
957 2593 986 2651 in
1011 2592 1187 2669 penultima,
1209 2600 1275 2662 aut,

52 2681 168 2756 quando
182 2681 245 2740 haec
259 2687 303 2739 est
318 2682 426 2750 brevis,
444 2683 474 2740 in
488 2682 730 2758 antepenultima.

87 2771 215 2837 Quando
229 2777 353 2830 ventum
368 2773 422 2830 erit
436 2774 473 2830 ad
488 2772 579 2830 finem
599 2770 764 2838 Orationis,
783 2777 854 2829 nota
864 2774 901 2846 fa
921 2773 950 2829 in
971 2770 1134 2848 penultima
1152 2770 1279 2831 dictione

52 2859 136 2934 paulo
151 2860 277 2937 amplius
292 2880 382 2937 quam
398 2863 426 2919 in
442 2861 566 2939 virgulis
585 2862 742 2920 sustentari
758 2861 861 2928 debet,
879 2861 998 2937 perinde
1018 2879 1052 2920 ac
1071 2861 1278 2939 semiduplica-

52 2955 127 3007 retur
142 2950 262 3018 vocalis,
280 2951 309 3008 in
324 2969 390 3026 quae
405 2948 542 3027 praeditla
557 2957 627 3010 nota
642 2956 836 3009 sustentatur.

88 3039 299 3098 Conclusiones
322 3037 399 3098 Toni
424 3041 520 3100 festivi
546 3042 665 3117 quando
689 3046 759 3099 sunt
782 3040 837 3097 Per
860 3039 1054 3098 Dominum&
1079 3039 1132 3096 Per
1161 3041 1280 3098 cundem

52 3130 205 3195 Dominum,
223 3127 440 3207 semipunttum
456 3131 490 3188 irt
504 3133 540 3189 ad
557 3134 646 3199 tuum,
663 3131 689 3190 dr
705 3127 848 3206 punctum
864 3129 1023 3206 principale
1031 3131 1069 3188 ad
1084 3130 1179 3188 Sentii
1192 3131 1276 3189 Deus.

52 3220 174 3285 Quando
188 3225 259 3278 sunt
279 3221 338 3292 Qu·
355 3224 460 3289 tecum,
480 3221 506 3278 ἃ
527 3220 585 3293 Qu'
600 3220 685 3286 vrum,
709 3219 743 3277 irt
761 3224 879 3276 tantum
900 3216 1042 3296 punctum
1063 3219 1223 3296 principale
1242 3222 1278 3279 ad

52 3309 145 3366 Sancti
156 3309 240 3377 Deus,
257 3309 333 3368 sicut
347 3309 471 3368 habetur
486 3310 515 3366 in
530 3309 664 3384 sequenti
678 3309 825 3385 exemplo

92 3470 217 3552 Semper
234 3476 266 3536 et
282 3471 393 3555 ubique
411 3471 455 3536 sic
472 3475 620 3537 cantatur
639 3469 803 3536 Dominus
822 3468 1006 3535 vobiscum.

52 3607 1279 3840 Q

79 3875 252 3945 Domi-nus
271 3877 465 3946 vobiscum.
488 3882 523 3966 rt.
545 3880 674 3945 Etcum
696 3877 852 3963 spi-ri-tu
883 3887 976 3944 tu-o.
1039 3876 1201 3945 O-remus.

52 4006 1278 4172 w

52 4161 484 4173 ——.—-——..—

79 4277 140 4341 De·
153 4296 204 4354 us,
226 4277 283 4363 qui
314 4278 419 4344 hodi·
435 4277 545 4344 ernam
566 4278 616 4343 di·
629 4298 682 4343 em
714 4275 972 4362 Apostolorum
1001 4274 1168 4343 tu-d'rum
1198 4278 1254 4342 Pe-
