3159 4792
441 439 557 515 Oratio
576 441 658 514 ante
676 437 837 513 divinum
857 435 1028 513 Officium.

119 603 243 738 Aram
263 590 390 650 Domine
409 609 443 650 os
466 609 566 650 meum
593 592 629 649 ad
657 589 890 650 benedicendum
919 607 1028 648 nomen
1058 587 1193 648 sanotum
1218 595 1304 648 tuum
1338 609 1345 649 :

199 681 311 738 munda
336 697 455 756 quoque
474 697 524 739 cor
550 697 650 738 meum
674 680 711 738 ab
735 679 875 738 omnibus
903 679 997 748 vanis,
1024 677 1169 756 pervorsis
1193 680 1219 738 dr
1245 679 1348 738 alionis

116 769 348 848 cogitationibus
366 787 372 826 ε
391 767 568 829 ἰῃῐεῙΙέέίωη
580 769 722 836 illdmina,
735 766 872 828 affe'oium
884 768 1046 837 inssdmma;
1063 775 1096 826 ut
1105 758 1206 846 digne,
1223 768 1345 837 attonte,

114 877 148 917 ac
161 859 270 917 devote
285 859 342 918 hoc
353 855 493 918 Officium
506 858 625 918 recitore
636 858 762 926 voleam,
776 855 941 918 &exaudiri
953 857 1063 916 morear
1073 864 1142 916 ante
1156 855 1346 935 conspooium

115 945 224 1006 divinae
239 948 401 1026 Majestotis
415 954 484 1007 tuae.
502 948 554 1006 Per
568 949 717 1007 Christum
734 948 896 1006 Dominum
911 952 1056 1007 nostrum.
1075 952 1107 1023 V·
1124 948 1231 1006 Amen,

155 1037 291 1105 Domine,
304 1038 333 1095 in
351 1037 458 1096 unione
468 1034 544 1096 illius
559 1035 668 1096 divinae
679 1037 861 1104 intentionis,
878 1056 937 1114 qua
951 1038 1013 1114 ipse
1027 1039 1057 1096 in
1071 1037 1156 1096 terris
1166 1037 1267 1097 laudes
1287 1038 1347 1097 Deo

115 1124 293 1204 persolvisti,
310 1127 362 1186 has
377 1128 430 1186 tibi
446 1127 538 1186 Horas
552 1127 701 1204 persolvo

155 1272 315 1328 Orationem
333 1275 486 1348 sequentem
504 1271 598 1330 deuote
606 1269 672 1349 post
692 1271 818 1348 Officium
836 1271 1029 1339 recitantibus,
1052 1271 1102 1329 Leo
1121 1270 1199 1348 Papa
1217 1270 1254 1328 X.
1277 1271 1348 1346 dese-

115 1361 170 1417 ous
183 1364 212 1416 et
223 1361 318 1436 culpas
331 1361 361 1418 in
376 1379 405 1419 co
418 1361 594 1438 persolvendo
608 1379 641 1418 ex
660 1362 779 1418 bumana
784 1361 944 1438 fragilitate
957 1363 1111 1418 contradas
1124 1360 1256 1428 induerim
1270 1360 1347 1418 eidi-

115 1451 190 1506 cr'iur
196 1450 279 1525 flexis
292 1450 415 1528 genibus.

443 1573 558 1650 Oratio
577 1576 655 1672 post
673 1572 835 1649 divinum
855 1572 1026 1649 officium.

172 1743 372 1784 aenosnncrre
386 1728 412 1785 dr
427 1723 586 1785 individuae
600 1725 748 1794 Trinitoti,
766 1724 897 1786 crucifixi
913 1727 1030 1785 Domini
1052 1728 1144 1785 nostri
1154 1727 1222 1804 Jesu
1238 1726 1345 1784 Christi

191 1816 382 1885 humanita'ti,
409 1814 585 1876 beatissimae
609 1817 635 1875 or
659 1814 880 1895 gloriosissima„²
903 1815 1077 1892 semporque
1098 1813 1227 1894 Virginis
1247 1813 1346 1874 Mariae
1390 1835 1393 1839 ·

116 1904 262 1963 foecundae
272 1899 445 1984 integritoti,
460 1906 632 1965 &omnium
644 1904 818 1965 Sanotorum
830 1905 1014 1965 universitoti
1026 1907 1064 1964 sit
1077 1905 1255 1983 sempiterna
1270 1905 1343 1974 laus,

116 1995 220 2061 honor,
234 1995 330 2054 virtus
340 1998 366 2054 or
377 1997 471 2072 gloria
484 1998 522 2055 ab
534 1996 616 2054 omni
632 1996 773 2063 creatora,
787 1993 931 2071 nobisque
947 1992 1080 2054 remissio
1095 1996 1230 2054 omnium
1244 2013 1346 2072 pecca·

117 2085 226 2152 torum,
244 2103 296 2161 per
309 2084 427 2144 infinita
441 2086 549 2145 saecula
564 2085 751 2144 saeculorum.
769 2091 801 2162 ro.
818 2085 925 2143 Amen.

154 2193 184 2260 i.
201 2192 289 2250 Beira
304 2189 416 2251 viscera
432 2191 529 2252 Mariae
544 2190 684 2272 Virginis,
701 2212 767 2270 quae
782 2193 977 2269 portave‘runt
990 2193 1091 2251 aetorni
1107 2192 1200 2252 Patris
1215 2189 1330 2252 Filium.

155 2285 187 2358 ri.
206 2279 241 2339 Et
256 2281 342 2340 beata
356 2282 455 2358 obera,
472 2303 538 2359 quae
552 2280 735 2342 laoiavorunt
749 2282 900 2342 Christum
916 2282 1089 2341 Dominum.

196 2388 280 2447 Pater
296 2396 406 2448 noster.
423 2389 486 2449 Ave
501 2387 602 2449 Maria.

154 2557 230 2615 Ante
245 2557 368 2617 Pronum
378 2565 406 2618 et
418 2579 507 2618 omnes
523 2561 623 2630 Horas,
635 2565 823 2638 praeterquam
836 2560 874 2618 ad
888 2560 1111 2638 Complaton'um,
1128 2561 1232 2620 dr'citur
1245 2565 1346 2620 secreto

115 2647 198 2706 Pater
212 2652 322 2707 noster.
340 2649 404 2707 Ave
419 2647 520 2709 Maria.
542 2651 573 2707 ln
586 2651 721 2728 prmcipio
741 2649 852 2715 Primae,
873 2670 906 2708 ac
926 2651 955 2706 in
965 2650 1025 2727 fine
1045 2650 1226 2726 completorii
1242 2650 1345 2707 dicr'tur

114 2739 197 2794 etrbm
211 2737 307 2796 Credo
322 2738 351 2796 in
367 2739 472 2797 Deum.

174 2879 252 2920 aren
261 2869 371 2931 noster,
384 2864 474 2940 quies
485 2864 514 2922 in
526 2863 603 2922 caelis
615 2881 620 2920 :
631 2861 830 2923 sanoiifrcotur
838 2882 946 2922 nomen
958 2868 1044 2922 tuum
1056 2882 1062 2920 ε
1072 2863 1211 2922 adve'niat
1218 2881 1344 2940 regnum

193 2959 279 3030 tuum
298 2971 304 3009 :
322 2953 374 3012 frat
390 2954 528 3012 volontas
542 2959 603 3022 tua,
620 2955 696 3014 sicut
717 2955 746 3012 in
767 2954 850 3021 cae10,
874 2955 900 3012 or
921 2957 1055 3012 interra.
1079 2955 1186 3012 Panem
1210 2958 1344 3012 nostrum

114 3041 319 3116 quotidionum
335 3045 373 3100 da
388 3043 473 3102 nobis
488 3043 598 3101 hodie:
620 3045 646 3103 or
665 3040 780 3102 dimitte
802 3044 887 3102 nobis
906 3043 1005 3102 de'bita
1025 3051 1136 3111 nostra,
1155 3045 1271 3102 sicut&
1291 3062 1345 3102 nos

113 3128 292 3191 dimittimus
307 3131 487 3190 debitoribus
504 3133 610 3192 nostris
628 3150 634 3190 :
652 3134 677 3192 or
693 3152 729 3191 ne
748 3151 803 3191 nos
819 3133 940 3192 indocas
961 3133 989 3190 in
1010 3133 1205 3192 tentationem
1223 3151 1229 3190 :
1246 3134 1297 3191 sed
1312 3130 1346 3190 li-

114 3220 180 3278 bera
195 3239 251 3279 nos
265 3238 282 3278 a
297 3220 388 3279 malo.
405 3221 510 3280 Amen.

175 3361 213 3402 ve
229 3342 331 3414 Maria,
348 3345 443 3422 grotia
457 3348 553 3423 plena,
572 3346 717 3406 Dominus
727 3353 826 3407 tecum
846 3366 852 3404 r
870 3345 1022 3406 benediota
1036 3354 1068 3407 tu
1084 3349 1113 3406 in
1124 3347 1345 3416 mulioribus,oz

195 3431 365 3493 benediotus
380 3433 490 3494 sruotus
505 3437 616 3494 ventris
630 3437 673 3494 tui
685 3438 778 3515 Jesus.
796 3435 901 3495 Sanota
917 3434 1019 3506 Maria,
1036 3438 1130 3495 Mater
1145 3437 1207 3505 Dei,
1224 3455 1274 3496 ora
1290 3455 1343 3514 pro

113 3523 197 3582 nobis
212 3524 429 3601 peccatoribus,
448 3543 527 3584 nune
541 3527 567 3584 dr
582 3527 611 3584 in
627 3527 699 3584 hora
714 3527 819 3585 mortis
834 3533 953 3585 nostrae.
971 3527 1078 3585 Amen.

118 3660 259 3796 Coeno
276 3651 304 3709 in
321 3649 426 3718 Deum,
444 3651 559 3709 Patrem
574 3652 822 3729 omnipotontem,
847 3652 1008 3711 creatorem
1023 3653 1086 3712 caeli
1101 3653 1128 3711 a
1147 3658 1241 3711 terrae.
1264 3653 1299 3712 Et
1314 3654 1343 3712 in

195 3740 297 3818 jesum
313 3740 477 3806 Christum,
496 3738 599 3800 Filium
615 3743 678 3818 ejus
693 3743 825 3809 onicum,
849 3742 1010 3801 Dominum
1031 3746 1166 3800 nostrum
1184 3761 1190 3800 :
1209 3745 1258 3818 qui
1274 3761 1345 3803 con-

113 3827 213 3905 coptus
227 3835 273 3887 est
288 3831 324 3887 de
339 3826 449 3906 Spiritu
464 3827 583 3898 Sanoto,
601 3837 687 3889 natus
702 3849 739 3890 ex
757 3828 848 3889 Maria
868 3829 990 3909 Virgine
1012 3849 1018 3889 ε
1041 3851 1146 3908 passus
1165 3833 1220 3891 sub
1240 3832 1344 3892 Pontio

114 3917 213 3986 Pitho,
232 3915 403 3988 crucifixus
422 3919 567 3987 mortuuS,
591 3921 786 3996 diosopolim:
809 3921 961 3979 desce'ndit
977 3923 1013 3979 ad
1033 3917 1141 3979 inferos
1164 3939 1170 3977 :
1192 3922 1278 3980 te'rtia
1298 3922 1346 3980 die

114 4007 265 4067 resurre'xit
285 4027 302 4066 a
326 4007 452 4068 mortuis
474 4027 480 4067 :
502 4009 635 4068 asce'ndit
659 4012 695 4068 ad
720 4009 819 4079 caelos,
843 4013 925 4069 sedet
950 4013 987 4068 ad
1009 4010 1160 4068 de'xteram
1181 4011 1231 4068 Dei
1253 4011 1345 4070 Patris

114 4098 325 4174 omnipotontis
343 4116 349 4154 :
368 4099 435 4156 inde
450 4099 592 4157 ventorus
606 4105 651 4158 est
662 4099 793 4175 judicdre
815 4101 902 4159 vivos
917 4099 1104 4159 &mortuos
1121 4099 1217 4158 Credo
1237 4101 1265 4158 in
1279 4098 1346 4177 Spi-

115 4186 198 4245 ritum
214 4185 367 4256 Sanotum,
385 4186 515 4246 santiam
531 4188 690 4248 Eccle'siam
706 4189 893 4259 catholicam,
904 4188 1072 4249 sanotorum
1087 4190 1341 4260 communionem,

116 4277 313 4337 remissionem
329 4277 531 4354 peccatorum,
548 4279 643 4339 carnis
658 4277 908 4349 resurreotionem,
926 4281 1019 4341 vitam
1034 4280 1185 4341 aetomam.
1202 4280 1308 4338 Amen.
