3159 4792
483 321 615 393 Festa
638 321 913 394 Decembris.
937 325 981 394 8.

475 483 530 545 Ad
544 485 749 562 Magnificar,
765 487 971 563 Antiphone.

738 618 1270 683 1—

319 757 337 798 .
386 681 1271 813 *Επι-

317 873 355 938 Ε-
370 873 472 940 irtam
502 895 555 940 me
586 875 711 941 dicent
782 896 899 942 ornnes
925 896 1024 962 gene-
1039 875 1251 956 ra-ti-(unen

120 1255 189 1336 qui·
208 1275 226 1318 a
263 1255 354 1320 ie-cit
374 1254 465 1319 nni-hi
488 1275 606 1341 magna
696 1257 753 1340 qui
781 1265 912 1340 po-tens
930 1268 990 1334 est,
1012 1259 1193 1325 ai-iniri-ia.

152 1672 425 1737 Euouan

660 1763 787 1826 Oratim

196 1887 270 1944 ευε,
297 1870 355 1952 qui
385 1889 441 1954 per
468 1869 711 1938 immaculatum
740 1869 888 1956 Virginis
910 1870 1165 1956 Conceptitnem
1193 1873 1336 1958 dignum

216 1966 300 2034 Filio
327 1976 385 2036 tuo
417 1968 640 2034 habiticulum
671 1970 854 2054 praepartsti
882 1989 889 2035 :
918 1988 1130 2054 quaesurnus;
1156 1972 1274 2054 utqui
1298 1991 1339 2038 ex

115 2075 212 2132 morte
234 2067 382 2153 ejrisdern
407 2065 480 2132 Filii
505 2066 553 2132 tui
579 2065 724 2150 praevisa,
746 2089 818 2133 earn
843 2068 883 2133 ab
907 2069 1000 2134 omni
1027 2069 1098 2134 labe
1122 2069 1335 2154 praeservristi,

114 2183 169 2231 nos
186 2185 323 2249 quoque
348 2165 490 2232 mundos
512 2168 582 2251 ejus
607 2164 839 2232 intercessicine
861 2167 902 2232 ad
925 2178 956 2233 te
980 2166 1146 2251 pervenire
1165 2167 1334 2236 concidas.

113 2263 164 2330 Per
181 2263 336 2330 einndern
357 2261 551 2330 Dtminurn.

148 2397 184 2455 Et
195 2398 231 2468 fit
245 2397 463 2455 comnumoratrb
478 2396 561 2454 Feriae
576 2401 696 2456 tautum.

147 2503 193 2566 Ad
209 2502 483 2583 completorium,
500 2505 624 2582 Hymnus
638 2510 771 2564 cantatur
784 2507 814 2564 in
829 2510 893 2564 tono
907 2506 1046 2565 Fastorum
1064 2507 1097 2564 B.
1114 2508 1158 2565 M.
1178 2507 1208 2565 V
1208 2553 1229 2577 .,
1245 2505 1295 2581 46,
1311 2513 1340 2566 et

111 2596 200 2670 rufine
211 2595 318 2654 dicitur
333 2595 421 2673 :Jesu
437 2595 490 2654 tibi
505 2596 544 2654 sit
559 2594 663 2673 gibria,
676 2596 732 2664 Qui
750 2600 837 2654 natus
847 2615 878 2656 es
888 2598 924 2654 de
934 2593 1065 2674 Virgine.
1078 2597 1117 2654 Et
1130 2601 1172 2654 ita
1179 2604 1232 2674 per
1251 2601 1339 2656 totam

113 2685 246 2742 Ottrnram.
256 2685 282 2742 E
282 2684 356 2742 odem
366 2685 443 2742 modo
452 2689 605 2742 cantantur
614 2691 641 2743 et
649 2686 836 2743 terminantur
841 2705 930 2743 omues
936 2685 1041 2764 Hymni
1047 2687 1162 2764 ejusdem
1172 2688 1255 2743 metri
1257 2687 1286 2744 iu
1293 2686 1339 2744 Fe-

110 2773 155 2830 stis
163 2775 367 2833 occurrentibus
377 2773 453 2850 iufra
468 2773 609 2832 Ottavam.
622 2775 767 2833 Domtm'ca
776 2794 839 2833 vero
848 2794 910 2853 qua
921 2777 1043 2834 occurrit
1055 2777 1129 2852 iufra
1145 2776 1285 2844 octavam,
1302 2777 1341 2834 ad

114 2861 236 2942 Vesperas
246 2869 375 2922 seruatur
386 2869 466 2922 tonus
470 2865 610 2942 proprian,
621 2865 667 2922 sed
674 2865 712 2922 ad
721 2864 934 2944 Comptetorr'um
943 2866 1090 2923 resumitur
1100 2871 1180 2923 tonus
1193 2865 1225 2924 B.
1239 2866 1283 2923 M.
1298 2865 1335 2923 V.

493 3051 553 3126 IN
581 3051 954 3130 11.VESPER18.

152 3205 267 3273 Omnia
285 3209 374 3273 utin
386 3207 501 3288 primis
522 3207 677 3288 Vesperis.

195 3329 226 3403 t.
249 3324 461 3390 immacultta
478 3321 656 3407 Conctptio
676 3334 724 3389 est
744 3321 844 3390 hridie
862 3322 981 3390 sanCtae
1001 3323 1109 3390 Mariae
1127 3323 1286 3410 Virginis.

196 3424 230 3510 rt.
253 3426 336 3502 Quae
354 3421 513 3507 serptntis
532 3432 629 3506 caput
648 3421 796 3507 virgineo
816 3422 897 3507 pede
916 3422 1082 3488 contrivit.

473 3566 528 3628 Ad
542 3567 748 3642 Magnificat,
765 3567 972 3644 Antiphona.

313 3971 407 4036 oni-
427 3993 444 4036 e
525 3969 665 4057 e-grissa
710 3981 759 4038 est
823 3972 914 4057 virga
940 3973 979 4037 de
1013 3993 1057 4038 ra
1045 3971 1107 4038 dr
1093 3992 1144 4038 -ce
1187 3973 1303 4054 Jesse.

133 4341 271 4408 hodi-e
316 4345 398 4410 sine
443 4345 512 4411 uila
537 4342 673 4427 pecca-ti
714 4343 797 4408 la-be
839 4342 994 4428 conctpta
1040 4353 1090 4410 est
1110 4342 1284 4408 Ma-ri-a:
