3159 4792
509 285 641 357 Festa
662 286 943 361 Novembris.
967 293 1023 361 11.
1295 294 1373 364 455

180 564 252 660 11.
313 566 362 661 S.
392 565 585 660 Martini
612 565 822 689 Episcopi
850 590 895 657 et
921 567 1234 661 Confessoris

693 727 812 806 Duplex.

586 852 634 925 In
654 853 687 926 1.
709 851 929 949 Vesperis.

185 1002 198 1068 1
223 997 257 1054 Si
277 996 396 1054 dr'cendoe
418 995 476 1055 sint
496 996 623 1073 integra,
646 996 814 1073 Antiphonae
836 998 922 1055 utin
946 996 979 1053 ΙΙ.
1005 998 1147 1077 Vesperis;
1171 999 1275 1058 Psalmi
1290 1006 1325 1059 ut
1341 1003 1371 1059 in

145 1087 168 1145 I.
187 1086 217 1143 V
215 1086 310 1164 esperis
323 1086 355 1142 de
371 1083 518 1142 Communi
531 1085 730 1163 Apostolorum.

190 1203 296 1284 Capit.
319 1202 395 1266 Ecce
415 1198 573 1267 sacordos.
596 1197 677 1291 [33].
699 1202 853 1267 Homnus.
875 1203 935 1268 lste
949 1202 1132 1269 Confossor.

233 1330 263 1406 ti.
287 1326 419 1393 Amovit
438 1345 513 1392 eurn
534 1324 708 1403 Dominus,
731 1327 908 1392 &ornovit
927 1347 1015 1394 eum.

234 1428 268 1511 rt.
291 1423 414 1490 Stolanr
434 1421 548 1507 gloriae
568 1423 676 1490 induit
694 1443 783 1489 eum.

509 1559 563 1619 Ad
577 1559 781 1636 Magnificat,
797 1559 1003 1635 Antiphone.

410 1948 465 2013 be·
483 1948 585 2012 o-tum
611 1946 748 2013 vi-ruml
807 1948 911 2032 cu-jns
937 1947 1020 2013 o-ni-
1035 1968 1088 2013 ma
1118 1948 1356 2032 pa-ra-di-sum

139 2071 1373 2311 Q

177 2344 363 2429 possi-det:
415 2346 502 2411 unde
547 2342 712 2411 exsoltarit
739 2345 888 2429 Ange-li,
960 2344 1130 2412 lae-tintur
1159 2346 1344 2431 Archonge-

195 2734 235 2809 li,
275 2733 352 2798 cho·
376 2751 430 2798 rus
462 2730 664 2800 Sanotorum
690 2726 878 2817 proclimat‘,
940 2733 1033 2799 turba
1049 2731 1234 2819 Virgi-num
1258 2734 1343 2800 invi-

192 3133 251 3199 tat,
273 3124 367 3187 Mane
392 3120 590 3189 no-biscum
616 3123 649 3188 in
676 3119 866 3187 ae-tornum.
906 3123 928 3187 E
957 3118 1027 3189 u'o
1055 3142 1076 3189 u
1104 3107 1124 3189 r
1149 3143 1178 3187 e.

687 3248 815 3309 Oratio.

141 3350 299 3517 Drus,
321 3346 379 3428 qui
400 3344 562 3430 conspicis
581 3346 660 3429 quia
678 3365 718 3410 ex
739 3346 831 3410 nulla
851 3353 961 3410 nostra
981 3345 1102 3411 virtote
1121 3344 1335 3414 subsistimus
1357 3370 1364 3417 :

249 3442 387 3508 concode
406 3442 588 3528 propitius;
611 3452 647 3509 ut
662 3440 894 3509 intercessione
913 3442 998 3507 beiti
1019 3442 1148 3509 Martini
1162 3443 1366 3512 Coniessoris

137 3542 185 3607 tui
205 3551 302 3624 atque
321 3541 503 3619 PontificiS,
525 3551 635 3608 contra
654 3539 766 3607 omnia
786 3537 919 3606 advorsa
943 3540 1145 3607 muniimur.
1173 3542 1230 3607 Per
1253 3540 1366 3610 Domi·

139 3658 218 3705 num
239 3649 401 3705 nostrum.

178 3764 285 3823 Comm.
304 3764 335 3823 S.
352 3764 471 3823 Andrroe
484 3764 615 3825 Avellr'ni.
634 3764 708 3825 Ana.
727 3764 780 3823 Hic
795 3764 850 3824 vir.
868 3759 943 3843 [47].
961 3766 989 3833 Ῡ.
1003 3764 1133 3843 justum.
1152 3768 1234 3825 Orat.
1250 3784 1321 3843 454.

176 3881 275 3939 Postea
289 3880 320 3943 S.
336 3880 464 3943 Henna
480 3881 625 3959 Martyris.
643 3881 718 3941 Ario.
735 3880 790 3939 iste
804 3876 934 3939 sanctus.
947 3876 1023 3961 [14].
1041 3882 1070 3951 t.
1085 3869 1184 3940 Gloria
1198 3884 1225 3941 or
1240 3882 1362 3941 honore.

686 3988 814 4050 Oratio.

212 4103 337 4163 nnsnn,
368 4104 559 4170 quaesumus
583 4084 794 4169 omnipotens
818 4085 904 4151 Deus
931 4104 938 4150 :
970 4095 1007 4152 ut
1034 4086 1091 4168 qui
1121 4087 1205 4151 beriti
1236 4087 1363 4153 Mennae

233 4184 382 4269 Mortyris
401 4185 448 4250 tui
475 4184 619 4249 natalitia
643 4182 798 4259 colimus,
824 4182 1055 4249 intercessione
1078 4187 1148 4269 ejus
1172 4186 1206 4249 in
1230 4186 1277 4249 tui
1305 4184 1363 4251 no

136 4283 237 4349 minis
255 4280 365 4348 amore
385 4280 584 4347 roborornur.
606 4282 664 4347 Per
678 4278 871 4347 Dominum.
