3159 4792
366 279 499 350 Festa
521 279 803 355 Novembris.
827 280 871 349 2.
894 282 940 351 3.
961 285 1007 353 4.
1031 285 1075 353 5.
1095 286 1144 355 6.
1168 286 1211 355 7.
1315 224 1393 356 453

164 721 312 803 ᾳυὺηῐυτ
362 722 757 807 A·gnumquo·ct1mque
826 721 852 787 ί-
871 724 957 790 e-rit.
1015 725 1288 793 Euouae.

204 876 217 943 5
241 852 319 931 Diao
338 872 548 931 Benedicimus
568 873 710 941 DominO,
730 874 864 933 dicuutur
886 876 1009 952 Vespera
1027 876 1224 951 Dej'unitorum
1242 881 1394 957 incipiendo

162 963 197 1019 ab
211 960 369 1039 Antiphone
394 960 516 1020 Place'bo
538 962 676 1030 Domin0,
703 982 765 1039 qua
782 964 891 1041 integra
908 966 1011 1022 dieitur
1023 972 1088 1025 ante
1105 972 1134 1026 et
1149 972 1215 1043 post
1232 968 1392 1038 Psatmum,·

161 1052 285 1109 similiter
298 1055 326 1109 et
337 1052 400 1109 atie
413 1050 579 1129 Antithome
591 1053 629 1109 ad
642 1053 751 1109 modum
765 1052 898 1129 Duplier's.

202 1167 327 1224 Psatmus
351 1166 454 1225 Dile‘xi.
480 1172 508 1225 et
535 1168 639 1245 reliqua
662 1170 754 1226 omnia
776 1172 812 1225 ut
837 1170 867 1225 in
894 1169 1016 1247 Vesperis
1046 1171 1257 1246 Defimitorum,
1283 1180 1391 1252 excepto

162 1256 270 1314 Psalmo
284 1256 382 1315 Lauda
397 1256 505 1323 inima,
527 1258 577 1333 qui
587 1262 653 1335 post
672 1256 756 1315 Pater
775 1263 875 1315 noster
892 1277 948 1315 uon
965 1258 1078 1328 dr'er'tur,
1099 1261 1145 1318 sed
1163 1262 1265 1321 dieitur
1279 1266 1390 1322 tantum

163 1346 260 1403 Oratio
275 1344 426 1413 fidelium,
443 1364 505 1403 rum
518 1365 568 1403 sua
582 1346 699 1423 longiori
711 1347 881 1404 conclusione
895 1351 923 1404 et
935 1349 990 1405 suis
1003 1350 1152 1407 versieulis.

201 1462 236 1519 Si
242 1463 335 1539 prima
348 1461 402 1519 dies
410 1468 476 1539 post
488 1462 597 1519 Festum
613 1464 743 1520 Omnium
762 1463 926 1521 Sauitorum
932 1466 1024 1539 fuerit
1036 1465 1194 1535 Domiuiea,
1206 1467 1249 1543 fit
1263 1468 1389 1545 Officium

159 1551 191 1607 de
206 1570 247 1615 ea,
264 1557 293 1611 et
306 1552 433 1628 Officium
447 1552 643 1626 Defiruitorum
658 1555 826 1627 transfertur
839 1553 869 1609 r'u
880 1559 1031 1630 sequentem
1046 1554 1152 1612 Perimn
1166 1554 1213 1620 H..
1230 1557 1270 1613 ito
1284 1562 1320 1615 ut
1325 1562 1391 1633 post

164 1640 297 1715 Vesperas
310 1640 461 1697 Dominica
474 1641 605 1699 dicantur
621 1641 651 1699 V
648 1646 745 1717 erperae
760 1642 966 1717 Desunttarum.

192 1854 234 1951 2.
264 1862 312 1951 et
337 1856 379 1951 3.
416 1856 546 1951 Infra
574 1856 803 1952 Octavam
831 1858 1053 1947 Omnium
1081 1864 1369 1949 Sanctorum.

199 2035 252 2092 Die
264 2054 294 2115 3.
315 2034 345 2090 V
342 2041 395 2113 esp.
411 2035 444 2093 de
457 2036 589 2113 sequenti,
603 2054 697 2093 comm.
709 2037 858 2094 Ottavaoc
867 2035 912 2094 Ss.
927 2036 1029 2094 Vitatis
1038 2041 1067 2094 et
1073 2036 1209 2117 Agricola
1215 2038 1385 2115 Martyrum.

190 2268 234 2362 4.
333 2269 381 2364 S.
412 2268 567 2364 Caroli
594 2268 803 2391 Episcopi
831 2292 877 2358 et
903 2267 1217 2361 Confessoris

712 2429 832 2507 oopus.

707 2544 836 2606 Oratio.

242 2660 391 2707 cceesrru
414 2652 522 2719 tuam,
549 2640 707 2718 Domine,
734 2640 837 2707 saneti
863 2642 968 2707 Ciroli
991 2642 1193 2710 Contessoris
1216 2645 1264 2711 tui
1289 2654 1387 2729 atque

260 2740 426 2807 Pontificio
454 2739 607 2807 continua
633 2738 832 2824 protectione
854 2738 981 2807 custodi
1009 2758 1016 2804 :
1044 2751 1080 2808 ut
1103 2742 1186 2807 sicut
1211 2743 1306 2809 illum
1331 2763 1387 2828 pa-

160 2840 289 2905 storilis
308 2838 496 2905 solticittrdo
515 2837 697 2923 gloriosum
718 2837 879 2918 reddidit;
901 2840 943 2904 ita
964 2858 1024 2905 nos
1047 2840 1117 2925 ejus
1142 2840 1327 2906 intercessio
1353 2842 1385 2905 in

158 2947 216 3003 tuo
236 2958 363 3022 semper
382 2936 476 3003 ficiat
493 2935 604 3003 amore
623 2934 793 3035 terrentes.
816 2937 872 3002 Per
891 2934 1071 3002 Dominum
1093 2948 1254 3004 nostrum.

200 3070 305 3129 Comm.
321 3074 439 3136 Ottava,
452 3088 522 3148 452,
534 3076 562 3129 et
575 3070 623 3132 Ss,
635 3068 757 3132 vitalis
768 3074 803 3131 et
813 3068 976 3149 Agricola)
987 3071 1156 3148 Martyrum.
1169 3071 1245 3130 Aria.
1258 3072 1384 3131 Istorum

159 3166 213 3219 est.
230 3157 305 3241 [29].
324 3164 352 3231 t.
370 3160 533 3219 Laettmint.
628 3172 630 3179 ⁴
709 3241 825 3302 oratio

234 3356 361 3415 nassa,
383 3357 574 3422 quaesumus
593 3336 803 3422 omnipotens
822 3338 910 3404 Deus
932 3356 939 3402 :
961 3340 1073 3422 utqui
1093 3338 1280 3406 sanitatum
1301 3340 1385 3405 Mir-

251 3450 359 3524 tyrum
380 3435 512 3503 tuorum
533 3436 698 3502 Virilis&
724 3434 885 3521 Agricolae
909 3434 1069 3503 solemnia
1092 3436 1248 3513 colimuS,
1270 3436 1382 3504 eo'rum

156 3539 241 3622 apud
261 3546 293 3602 te
313 3532 602 3601 intercessionibus
620 3532 824 3621 adjuvemur.
847 3536 903 3600 Per
921 3532 1113 3600 Dominum.

197 3654 229 3711 tu
243 3654 278 3711 II.
300 3652 380 3730 Vesp.
398 3671 493 3709 comm.
513 3651 631 3716 Ottavoa
649 3666 719 3727 452.

187 3880 230 3975 5.
252 3880 295 3974 6.
318 3886 367 3973 et
391 3879 433 3973 7.
475 3877 606 3972 Intra
632 3876 862 3972 Octavam
889 3881 1028 3965 Omn.
1061 3882 1348 3968 Sanctorum.

201 4059 262 4122 Die
280 4074 313 4141 7.
334 4062 378 4122 ad
396 4059 559 4138 resperas,
581 4057 718 4137 Duplex.
742 4054 858 4120 Omnia
875 4060 914 4120 ut
930 4058 963 4119 iu
982 4056 1005 4119 Ι.
1029 4056 1120 4137 Vesp.
1142 4057 1235 4130 Festi,
1253 4073 1330 4138 447.

197 4188 303 4247 Comm.
321 4190 365 4247 Ss.
384 4190 543 4266 Martyrum
559 4188 708 4263 Quatuor
723 4187 973 4251 coronatorum.
988 4189 1063 4246 Aua.
1085 4190 1211 4248 Istorum
1225 4195 1279 4247 est.
1298 4185 1372 4268 [²9]-

156 4280 185 4349 ᾖ.
203 4278 399 4337 Exsulte'rbunt
413 4274 504 4337 saneti
520 4276 549 4335 in
565 4276 669 4355 gloria.
687 4281 719 4354 rt.
737 4277 930 4337 Laetabtmtur
943 4276 974 4334 in
989 4274 1134 4337 cubilibus
1147 4278 1218 4336 suis.
