3159 4792
361 290 494 362 resta
516 291 798 363 Novembris.
821 295 886 365 14.
910 296 973 365 15.
996 295 1061 365 ιτ.
1085 295 1149 364 ra.
1282 293 1360 363 459

160 545 231 640 14.
310 547 358 642 S.
381 544 616 665 iosaphat
644 544 852 667 Episcopi
882 569 927 635 et
955 546 1182 668 Martyris.

686 696 806 775 Duplex.

682 805 811 867 Oratio.

134 910 320 1076 Exclu,
342 920 533 986 quaesumus
553 900 704 980 Domine,
726 902 761 967 in
781 902 922 970 Ecclesia
948 913 1003 969 tua
1027 903 1202 987 Spiritum,
1223 924 1291 988 quo
1314 926 1363 972 re-

238 1000 344 1085 plitus
363 1000 476 1067 bellus
491 998 643 1085 iosaphat
662 1003 781 1086 Martyr
800 1002 829 1067 δι
849 1000 996 1069 Pontifex
1014 1012 1093 1069 tuus
1106 1002 1251 1069 inimam
1266 1024 1360 1070 suam

133 1122 191 1185 pro
214 1099 334 1167 ovibus
357 1099 495 1185 posuit:
522 1109 574 1174 ut,
600 1119 639 1165 eo
664 1098 898 1177 intercedente,
925 1120 986 1167 nos
1004 1118 1138 1184 quoque
1155 1099 1270 1167 eodem
1290 1102 1362 1187 Spi-

133 1200 196 1265 ritu
219 1200 298 1265 moti
318 1219 354 1263 ac
378 1197 534 1273 roborlti,
556 1198 700 1263 {mimam
727 1208 872 1264 nostram
896 1218 954 1285 pro
975 1199 1128 1265 iritribus
1152 1198 1271 1284 ponere
1296 1221 1361 1268 non

134 1298 312 1364 vereimur.
335 1298 392 1363 Per
410 1295 633 1362 Dominum...
656 1296 690 1361 in
710 1296 836 1363 unitate
854 1296 1000 1383 ejusdem
1021 1296 1173 1384 Spiritus.

174 1414 281 1473 Comm.
298 1414 330 1472 S.
347 1414 456 1471 Diduri.
473 1413 548 1471 Aria.
567 1412 620 1471 ilic
636 1412 690 1471 vir.
708 1409 783 1493 [47].
801 1414 830 1483 ᾖ.
843 1413 963 1492 justum
978 1413 1109 1499 dedtixit.
1129 1415 1212 1473 Orat.
1229 1415 1299 1492 458.

176 1523 257 1599 Vesp.
273 1540 292 1579 a
308 1520 595 1601 capillamenti,
613 1538 708 1579 comm.
720 1520 841 1597 proceri.

166 1720 237 1815 15.
465 1718 514 1815 S.
545 1718 796 1814 Gerirudis
824 1718 1040 1839 Virginis.

685 1870 806 1948 Duplex.

684 1978 810 2039 Oratio.

135 2084 292 2251 Deus,
318 2078 376 2160 qui
406 2078 439 2142 in
464 2077 559 2141 corde
587 2075 689 2142 beltae
720 2076 887 2143 Gertnidis
919 2075 1067 2163 Virginis
1088 2078 1267 2165 jucundam
1299 2077 1361 2145 tibi

244 2172 449 2242 mansione'm
470 2174 652 2259 praeparisti
672 2192 679 2237 :
699 2172 803 2257 ipsius
823 2173 949 2241 miritis
968 2176 997 2238 81
1013 2175 1244 2242 intercessione
1258 2178 1361 2244 cordis

133 2276 233 2341 nostri
256 2275 399 2340 miculas
418 2273 594 2339 clementer
611 2270 817 2356 abstirgn&
839 2273 985 2359 ejusdem
1006 2272 1114 2340 tribue
1132 2274 1271 2360 gaudlre
1285 2295 1363 2341 con·

132 2371 244 2439 sortio.
271 2373 328 2438 Per
361 2370 540 2437 Dominum
562 2380 724 2437 nostrum.

147 2499 149 2503 '
173 2490 279 2547 Comm.
297 2487 328 2547 S.
341 2488 481 2565 josaphat.
500 2488 575 2545 Ario.
592 2487 649 2554 Qui
665 2485 739 2544 vult.
757 2482 832 2566 [161.
851 2488 880 2557 il.
894 2486 994 2565 Justus
1010 2493 1042 2546 ut
1056 2488 1165 2565 palma.

165 2688 236 2783 17.
267 2688 315 2783 S.
339 2686 556 2807 Gregorii
574 2684 915 2807 Thaumaturqi
935 2684 1078 2807 Epise.
1105 2708 1150 2774 et
1170 2685 1307 2777 conf.

655 2835 839 2915 smuupo..

622 2953 626 2962 ’
681 2943 809 3007 Oratio.
927 2960 934 2968 ·

134 3052 253 3219 DA,
270 3063 463 3129 quaesumus
481 3042 692 3128 omnipotens
707 3042 823 3109 Deus:
849 3052 886 3108 ut
910 3043 994 3109 beiti
1019 3042 1167 3129 Gregorii
1191 3042 1362 3110 Confessi>

243 3145 286 3212 ris
314 3144 361 3209 tui
391 3152 488 3225 atque
516 3140 682 3208 Pontilicis
715 3141 896 3207 venerlnda
925 3140 1186 3219 solimnitas,&
1214 3140 1361 3207 devotio

132 3264 207 3309 nem
229 3243 325 3309 nobis
342 3240 459 3325 lugeat
477 3241 506 3306 δι
525 3240 676 3306 salutem.
699 3244 756 3307 Per
774 3238 969 3307 Dominum.

174 3359 255 3438 Vesp.
271 3360 304 3417 de
316 3358 447 3435 sequenti,
463 3374 561 3413 comm.
572 3357 692 3433 proeccd.

164 3558 235 3653 l8.
388 3555 443 3650 In
476 3553 785 3649 Dedicatione
820 3553 1140 3649 Basilicarum

457 3714 505 3789 Ss
526 3710 618 3789 Petri
638 3716 671 3791 et
690 3713 790 3790 Pauli
810 3712 1066 3813 Apostolorum.

691 3839 810 3918 Duplex.

176 3960 289 4025 Omm'a
308 3963 347 4025 de
366 3957 536 4023 Communi
551 3956 766 4023 Dedicatrom's
784 3956 938 4030 Ecclesia,
959 3951 1043 4045 [59].

175 4078 282 4137 Oratio.
301 4074 388 4142 Deus,
406 4074 455 4150 qui
472 4072 558 4131 nobis
573 4089 625 4149 per
638 4070 774 4152 singulos
789 4089 894 4131 annos.
914 4068 989 4153 [63].

174 4184 278 4241 Comm.
296 4183 328 4240 S.
346 4181 473 4261 Gregorii
490 4178 637 4238 Thaumat.
654 4180 729 4239 Aria.
746 4179 869 4239 Amaivit
882 4198 962 4238 eum.
975 4175 1050 4260 [39].
1064 4180 1219 4258 mustum
1229 4178 1360 4237 deduxit.

173 4290 253 4368 Vesp.
265 4310 284 4348 a
298 4288 394 4367 Capit.
405 4289 438 4346 de
450 4287 580 4364 sequenti,
592 4304 690 4345 comm.
697 4288 816 4364 proceri.
834 4292 863 4345 el
875 4286 908 4345 S.
926 4287 1063 4345 Pontiani
1074 4286 1158 4366 Papa
1170 4291 1199 4345 et
1212 4287 1358 4357 Martyris.
