3159 4792
236 279 312 349 282
619 281 754 350 resta
774 276 932 351 marin.
956 238 1000 352 ε’.
1024 283 1069 353 9.

246 718 319 805 pso·
329 730 404 788 runt
428 722 545 787 vi-tam
571 722 700 798 mundi,
761 723 790 787 u
823 721 1062 805 perne-norunt
1094 724 1134 787 ad
1167 723 1331 807 praemi-rr
1369 742 1417 787 re-

279 881 1393 1072 ,ΜΞ

405 1013 1379 1075 m—

243 1139 313 1222 gni,
438 1136 663 1205 &la-vomui
686 1141 802 1205 sto-las
821 1156 876 1205 su·
889 1158 924 1206 as
976 1139 1010 1205 in
1034 1138 1217 1224 son-gui-ne
1258 1140 1358 1223 Agni.

319 1266 349 1341 ii.
371 1261 481 1329 Gloria
500 1262 530 1327 u
549 1260 672 1327 honore
690 1263 852 1329 coronosti
873 1282 926 1331 eas
945 1262 1098 1329 Domine.

320 1364 353 1447 ri.
376 1362 413 1428 Et
431 1354 631 1428 constituisti
652 1380 705 1427 eas
723 1380 821 1445 super
839 1361 934 1444 opera
955 1362 1114 1429 monuum
1134 1361 1275 1428 tuorum.

780 1497 909 1559 Oratio.

232 1600 338 1766 DA
359 1595 466 1670 nobis,
494 1612 685 1678 quaesumus
709 1592 849 1659 Domine
873 1594 960 1660 Deus
985 1604 1104 1671 noster,
1130 1592 1314 1661 sanoorum
1340 1594 1463 1683 Morty-

341 1713 412 1758 rum
433 1693 562 1758 tuorum
584 1690 746 1775 Perpotuae
765 1692 794 1755 or
814 1692 989 1759 Feliciuris
1009 1695 1135 1777 palmas
1155 1692 1339 1759 incessobili
1360 1694 1462 1759 devo·
1571 1754 1572 1767 ,

229 1790 318 1857 tione
342 1790 484 1855 veneriri
512 1808 519 1855 :
547 1799 584 1855 ut
607 1808 689 1871 quas
712 1790 813 1874 digna
844 1800 952 1856 mente
984 1809 1049 1856 non
1078 1788 1255 1875 possumus
1278 1791 1458 1867 celebrore,

229 1887 413 1954 humilibus
432 1888 549 1963 saltem
568 1886 812 1971 frequentomus
831 1887 1011 1971 obsoouiis.
1034 1890 1092 1953 Per
1110 1888 1303 1954 Dominum.
1571 1888 1572 1891 ’

271 2012 353 2091 Vesp.
368 2033 387 2070 a
401 2012 497 2092 capit.
512 2014 545 2071 de
554 2034 622 2093 seq„
633 2032 729 2071 comm.
736 2012 854 2091 praeced.
871 2016 898 2070 et
911 2012 995 2070 Ferro
1008 2014 1038 2071 in
1053 2014 1195 2093 Qradrag.

229 2156 308 2163 ,-,-
384 2156 497 2161 —.
510 2157 530 2162 .,
921 2156 930 2161 -
1301 2157 1458 2164 ——.

259 2256 301 2351 8.
419 2256 468 2351 S.
504 2254 702 2352 ioannis
736 2255 794 2348 de
828 2255 926 2348 Deo
954 2250 1267 2345 confessoris.

776 2414 895 2491 uupux.

774 2539 902 2602 Oratio.

316 2656 383 2713 rus,
405 2638 462 2720 qui
483 2636 614 2702 beritum
631 2635 802 2717 Joonnem
825 2647 882 2703 tuo
902 2636 1010 2703 amore
1029 2636 1235 2713 suoconsum,
1254 2638 1340 2703 inter
1361 2639 1456 2705 flam-

228 2643 310 2812 D
337 2756 408 2803 mas
428 2734 601 2802 innoxium
622 2734 769 2800 incodere
793 2734 906 2811 fecisti,
928 2736 957 2799 or
981 2754 1038 2819 per
1061 2755 1137 2802 eum
1162 2734 1337 2801 Ecclosiam
1364 2746 1457 2803 tuam

227 2853 311 2902 nova
330 2838 420 2920 prole
445 2833 638 2900 ioecundisti
666 2852 673 2897 :
697 2841 828 2915 presta,
851 2831 954 2915 ipsius
978 2833 1231 2918 suffragontibus
1251 2832 1398 2915 moritis3
1420 2846 1460 2901 ut

227 2935 302 3018 igne
324 2933 553 2999 caritotistuae
577 2930 655 2996 vitia
681 2939 791 2996 nostra
814 2930 977 3005 curentur,
998 2931 1027 2996 or
1052 2930 1193 2996 remodia
1217 2931 1312 2997 nobis
1335 2930 1459 2998 aetorna

226 3028 428 3114 provoniant.
451 3032 507 3095 Per
526 3027 721 3095 Dominum.

265 3153 372 3212 Comm.
389 3153 420 3211 S.
444 3153 559 3213 Thomae.
577 3153 652 3212 Aria.
670 3153 697 3211 O
717 3150 836 3211 Dooior.
855 3149 928 3234 [4o].
948 3154 976 3223 i.
989 3152 1108 3230 Justum
1126 3150 1258 3212 deduxit.
1277 3154 1361 3213 Orat.
1383 3154 1454 3213 281.

225 3244 324 3303 Postea
338 3240 422 3300 Ferioe
434 3244 464 3300 in
480 3243 621 3324 Qadrag.

267 3349 347 3427 Vesp.
364 3370 382 3408 a
397 3350 493 3427 Capit.
510 3350 542 3408 de
555 3369 622 3427 seq.,
639 3370 735 3407 comm.
750 3350 865 3428 proeccd.
882 3354 909 3406 ei
923 3348 1007 3407 Ferioe
1020 3352 1050 3409 in
1065 3352 1290 3431 Qradragesono.

255 3592 298 3687 9.
414 3591 463 3688 S.
499 3592 774 3689 Franciscae
809 3592 965 3683 Viduae
1002 3598 1228 3682 Romanae.

781 3746 900 3824 nupia.

776 3870 903 3931 Oratio.

312 3985 378 4043 rus
400 3970 457 4051 qui
473 3969 600 4034 beitam
620 3968 820 4034 Franciscam
835 3968 992 4033 simulam
1007 3976 1111 4043 tuam,
1128 3966 1211 4032 inter
1224 3966 1326 4033 cotera
1341 3968 1457 4053 grotiae

333 4068 517 4143 turudum,
538 4066 687 4131 familiari
708 4066 825 4151 AngeIi
849 4061 1086 4131 consuetudine
1104 4065 1259 4131 decorosti
1283 4082 1291 4129 :
1312 4064 1457 4131 concode

222 4182 435 4247 quaesumus;
457 4174 494 4229 ut
512 4163 754 4231 intercessionis
778 4164 849 4250 ejus
871 4162 994 4229 auxilio
1019 4160 1221 4245 Angelorum
1246 4160 1455 4229 consortium

221 4260 377 4344 consequi
400 4262 592 4328 mereimur.
615 4264 672 4327 Per
690 4261 883 4327 Dominum.
