<?xml version="1.0" encoding="UTF-8"?>
<!DOCTYPE html PUBLIC "-//W3C//DTD XHTML 1.0 Transitional//EN"
    "http://www.w3.org/TR/xhtml1/DTD/xhtml1-transitional.dtd">
<html xmlns="http://www.w3.org/1999/xhtml" xml:lang="en" lang="en">
 <head>
  <title>
</title>
<meta http-equiv="Content-Type" content="text/html;charset=utf-8" />
  <meta name='ocr-system' content='tesseract 3.04.00' />
  <meta name='ocr-capabilities' content='ocr_page ocr_carea ocr_par ocr_line ocrx_word'/>
</head>
<body>
  <div class='ocr_page' id='page_1' title='image "./liberantiphonar00ritugoog/liberantiphonar00ritugoog_0111.png"; bbox 0 0 3159 4792; ppageno 0'>
   <div class='ocr_carea' id='block_1_1' title="bbox 422 302 1094 394">
    <p class='ocr_par' dir='ltr' id='par_1_1' title="bbox 422 302 1094 394">
     <span class='ocr_line' id='line_1_1' title="bbox 422 302 1094 394; baseline 0.009 -18"><span class='ocrx_word' id='word_1_1' title='bbox 422 302 467 376; x_wconf 84' lang='lat' dir='ltr'>S.</span> <span class='ocrx_word' id='word_1_2' title='bbox 488 303 708 388; x_wconf 78' lang='lat' dir='ltr'>Stephani</span> <span class='ocrx_word' id='word_1_3' title='bbox 733 306 1094 394; x_wconf 71' lang='lat' dir='ltr'>protomartyris.</span> 
     </span>
    </p>
   </div>
   <div class='ocr_carea' id='block_1_2' title="bbox 405 485 1299 685">
    <p class='ocr_par' dir='ltr' id='par_1_2' title="bbox 405 485 1299 618">
     <span class='ocr_line' id='line_1_2' title="bbox 722 485 1240 552; baseline 0.015 -8"><span class='ocrx_word' id='word_1_4' title='bbox 722 485 1240 552; x_wconf 68' lang='lat'>-”1.</span> 
     </span>
     <span class='ocr_line' id='line_1_3' title="bbox 1068 543 1299 553; baseline 0.017 -4"><span class='ocrx_word' id='word_1_5' title='bbox 1068 546 1071 549; x_wconf 80' lang='grc'>.</span> <span class='ocrx_word' id='word_1_6' title='bbox 1285 543 1299 553; x_wconf 82' lang='grc'><em>·</em></span> 
     </span>
     <span class='ocr_line' id='line_1_4' title="bbox 405 550 1240 618; baseline 0.013 -11"><span class='ocrx_word' id='word_1_7' title='bbox 405 596 418 607; x_wconf 88' lang='grc'><strong>.</strong></span> <span class='ocrx_word' id='word_1_8' title='bbox 722 550 1240 618; x_wconf 66' lang='lat' dir='ltr'>m</span> 
     </span>
    </p>

    <p class='ocr_par' dir='ltr' id='par_1_3' title="bbox 470 614 1239 685">
     <span class='ocr_line' id='line_1_5' title="bbox 470 614 1239 685; baseline 0.014 -12"><span class='ocrx_word' id='word_1_9' title='bbox 470 662 479 673; x_wconf 77' lang='lat'>.</span> <span class='ocrx_word' id='word_1_10' title='bbox 506 614 1239 685; x_wconf 64' lang='lat' dir='ltr'>-mt-</span> 
     </span>
    </p>
   </div>
   <div class='ocr_carea' id='block_1_3' title="bbox 124 751 1300 845">
    <p class='ocr_par' dir='ltr' id='par_1_4' title="bbox 124 751 1300 845">
     <span class='ocr_line' id='line_1_6' title="bbox 124 751 1300 845; baseline 0.013 -28"><span class='ocrx_word' id='word_1_11' title='bbox 124 751 156 820; x_wconf 79' lang='lat'>4.</span> <span class='ocrx_word' id='word_1_12' title='bbox 169 751 222 817; x_wconf 93' lang='lat' dir='ltr'>Ob</span> <span class='ocrx_word' id='word_1_13' title='bbox 238 754 300 819; x_wconf 86' lang='lat' dir='ltr'>hoc</span> <span class='ocrx_word' id='word_1_14' title='bbox 319 753 440 844; x_wconf 72' lang='lat' dir='ltr'>preci·</span> <span class='ocrx_word' id='word_1_15' title='bbox 459 764 494 818; x_wconf 89' lang='lat' dir='ltr'>tu</span> <span class='ocrx_word' id='word_1_16' title='bbox 535 753 689 840; x_wconf 80' lang='lat' dir='ltr'>supplici</span> <span class='ocrx_word' id='word_1_17' title='bbox 714 755 759 821; x_wconf 88' lang='lat' dir='ltr'>Te</span> <span class='ocrx_word' id='word_1_18' title='bbox 783 754 951 841; x_wconf 74' lang='lat' dir='ltr'>poscimus</span> <span class='ocrx_word' id='word_1_19' title='bbox 975 762 1023 845; x_wconf 88' lang='lat' dir='ltr'>pi·</span> <span class='ocrx_word' id='word_1_20' title='bbox 1054 760 1095 827; x_wconf 89' lang='lat' dir='ltr'>is·</span> <span class='ocrx_word' id='word_1_21' title='bbox 1131 764 1244 830; x_wconf 87' lang='lat' dir='ltr'>sime:</span> <span class='ocrx_word' id='word_1_22' title='bbox 1267 767 1300 832; x_wconf 91' lang='lat' dir='ltr'>ln</span> 
     </span>
    </p>
   </div>
   <div class='ocr_carea' id='block_1_4' title="bbox 170 903 1263 1163">
    <p class='ocr_par' dir='ltr' id='par_1_5' title="bbox 170 903 1194 1104">
     <span class='ocr_line' id='line_1_7' title="bbox 170 903 1194 1018; baseline 0.011 -56"><span class='ocrx_word' id='word_1_23' title='bbox 170 975 189 1018; x_wconf 65' lang='grc' dir='ltr'>Ι</span> <span class='ocrx_word' id='word_1_24' title='bbox 654 903 1194 972; x_wconf 80' lang='lat' dir='ltr'>—i</span> 
     </span>
     <span class='ocr_line' id='line_1_8' title="bbox 529 981 1263 1163; baseline 0.014 -68"><span class='ocrx_word' id='word_1_25' title='bbox 529 1043 547 1085; x_wconf 87' lang='grc' dir='ltr'>Ι</span> <span class='ocrx_word' id='word_1_26' title='bbox 580 1036 709 1152; x_wconf 69' lang='grc'>11.</span> <span class='ocrx_word' id='word_1_27' title='bbox 653 981 1263 1163; x_wconf 53' lang='grc' dir='ltr'>-ἶΙΙῐΙΠΠῖ</span> 
     </span>
    </p>
   </div>
   <div class='ocr_carea' id='block_1_5' title="bbox 144 1109 1329 1267">
    <p class='ocr_par' dir='ltr' id='par_1_6' title="bbox 144 1109 1329 1267">
     <span class='ocr_line' id='line_1_9' title="bbox 144 1109 1329 1267; baseline 0.014 -29"><span class='ocrx_word' id='word_1_28' title='bbox 144 1174 206 1239; x_wconf 89' lang='lat' dir='ltr'>hoc</span> <span class='ocrx_word' id='word_1_29' title='bbox 225 1175 280 1238; x_wconf 92' lang='lat' dir='ltr'>tri·</span> <span class='ocrx_word' id='word_1_30' title='bbox 297 1175 423 1259; x_wconf 81' lang='lat' dir='ltr'>rimpho</span> <span class='ocrx_word' id='word_1_31' title='bbox 442 1174 560 1260; x_wconf 77' lang='lat' dir='ltr'>Mirty-</span> <span class='ocrx_word' id='word_1_32' title='bbox 568 1174 611 1240; x_wconf 86' lang='lat' dir='ltr'>ris</span> <span class='ocrx_word' id='word_1_33' title='bbox 666 1109 804 1243; x_wconf 85' lang='lat' dir='ltr'>Dimitte</span> <span class='ocrx_word' id='word_1_34' title='bbox 837 1195 895 1244; x_wconf 92' lang='lat' dir='ltr'>no·</span> <span class='ocrx_word' id='word_1_35' title='bbox 882 1198 981 1244; x_wconf 84' lang='lat' dir='ltr'>·xam</span> <span class='ocrx_word' id='word_1_36' title='bbox 1001 1179 1111 1249; x_wconf 73' lang='lat' dir='ltr'>strvu·</span> <span class='ocrx_word' id='word_1_37' title='bbox 1116 1183 1169 1250; x_wconf 92' lang='lat' dir='ltr'>lis</span> <span class='ocrx_word' id='word_1_38' title='bbox 1184 1183 1218 1252; x_wconf 87' lang='lat'>5</span> <span class='ocrx_word' id='word_1_39' title='bbox 1231 1187 1329 1267; x_wconf 74' lang='lat' dir='ltr'>lesu,</span> 
     </span>
    </p>
   </div>
   <div class='ocr_carea' id='block_1_6' title="bbox 155 2015 1224 2103">
    <p class='ocr_par' dir='ltr' id='par_1_7' title="bbox 155 2015 1224 2103">
     <span class='ocr_line' id='line_1_10' title="bbox 155 2015 1224 2103; baseline 0.009 -24"><span class='ocrx_word' id='word_1_40' title='bbox 155 2016 186 2079; x_wconf 76' lang='grc' dir='ltr'>ἃ</span> <span class='ocrx_word' id='word_1_41' title='bbox 227 2016 316 2081; x_wconf 89' lang='lat' dir='ltr'>aimo</span> <span class='ocrx_word' id='word_1_42' title='bbox 348 2015 522 2101; x_wconf 84' lang='lat' dir='ltr'>Spi-ri-tu,</span> <span class='ocrx_word' id='word_1_43' title='bbox 604 2016 637 2082; x_wconf 88' lang='lat' dir='ltr'>ln</span> <span class='ocrx_word' id='word_1_44' title='bbox 665 2016 898 2103; x_wconf 70' lang='lat' dir='ltr'>sempi-ttr-na</span> <span class='ocrx_word' id='word_1_45' title='bbox 952 2023 1095 2088; x_wconf 83' lang='lat' dir='ltr'>saecu-la.</span> <span class='ocrx_word' id='word_1_46' title='bbox 1209 2062 1224 2074; x_wconf 93' lang='lat'>-</span> 
     </span>
    </p>
   </div>
   <div class='ocr_carea' id='block_1_7' title="bbox 206 2139 1215 2330">
    <p class='ocr_par' dir='ltr' id='par_1_8' title="bbox 206 2139 1215 2330">
     <span class='ocr_line' id='line_1_11' title="bbox 206 2139 817 2227; baseline 0.003 -22"><span class='ocrx_word' id='word_1_47' title='bbox 206 2143 238 2219; x_wconf 69' lang='lat' dir='ltr'>i.</span> <span class='ocrx_word' id='word_1_48' title='bbox 260 2139 442 2226; x_wconf 70' lang='lat' dir='ltr'>Stiphanus</span> <span class='ocrx_word' id='word_1_49' title='bbox 461 2142 544 2207; x_wconf 88' lang='lat' dir='ltr'>vidit</span> <span class='ocrx_word' id='word_1_50' title='bbox 565 2144 660 2208; x_wconf 88' lang='lat' dir='ltr'>caelos</span> <span class='ocrx_word' id='word_1_51' title='bbox 678 2141 817 2227; x_wconf 74' lang='lat' dir='ltr'>apirtos.</span> 
     </span>
     <span class='ocr_line' id='line_1_12' title="bbox 206 2239 1215 2330; baseline 0.008 -26"><span class='ocrx_word' id='word_1_52' title='bbox 206 2243 241 2324; x_wconf 59' lang='lat' dir='ltr'>ri.</span> <span class='ocrx_word' id='word_1_53' title='bbox 264 2239 403 2305; x_wconf 82' lang='lat' dir='ltr'>Vidit&amp;</span> <span class='ocrx_word' id='word_1_54' title='bbox 423 2239 570 2306; x_wconf 88' lang='lat' dir='ltr'>introivit</span> <span class='ocrx_word' id='word_1_55' title='bbox 593 2258 600 2304; x_wconf 92' lang='lat'>:</span> <span class='ocrx_word' id='word_1_56' title='bbox 623 2239 735 2306; x_wconf 74' lang='lat' dir='ltr'>beitus</span> <span class='ocrx_word' id='word_1_57' title='bbox 755 2242 868 2317; x_wconf 88' lang='lat' dir='ltr'>hom0‚</span> <span class='ocrx_word' id='word_1_58' title='bbox 890 2245 942 2308; x_wconf 87' lang='lat' dir='ltr'>cui</span> <span class='ocrx_word' id='word_1_59' title='bbox 962 2245 1032 2310; x_wconf 85' lang='lat' dir='ltr'>caeli</span> <span class='ocrx_word' id='word_1_60' title='bbox 1053 2245 1215 2330; x_wconf 73' lang='lat' dir='ltr'>pattbant.</span> 
     </span>
    </p>
   </div>
   <div class='ocr_carea' id='block_1_8' title="bbox 482 2384 978 2464">
    <p class='ocr_par' dir='ltr' id='par_1_9' title="bbox 482 2384 978 2464">
     <span class='ocr_line' id='line_1_13' title="bbox 482 2384 978 2464; baseline 0.006 -19"><span class='ocrx_word' id='word_1_61' title='bbox 482 2384 536 2445; x_wconf 83' lang='lat' dir='ltr'>Ad</span> <span class='ocrx_word' id='word_1_62' title='bbox 551 2386 756 2460; x_wconf 59' lang='lat' dir='ltr'>Magnifica,</span> <span class='ocrx_word' id='word_1_63' title='bbox 772 2387 978 2464; x_wconf 72' lang='lat' dir='ltr'>Antiphone.</span> 
     </span>
    </p>
   </div>
   <div class='ocr_carea' id='block_1_9' title="bbox 151 2528 341 2644">
    <p class='ocr_par' dir='ltr' id='par_1_10' title="bbox 151 2528 341 2644">
     <span class='ocr_line' id='line_1_14' title="bbox 151 2528 341 2644; baseline 0.005 -56"><span class='ocrx_word' id='word_1_64' title='bbox 151 2528 235 2588; x_wconf 88' lang='lat' dir='ltr'>8.G</span> <span class='ocrx_word' id='word_1_65' title='bbox 321 2599 341 2644; x_wconf 66' lang='grc' dir='ltr'>Ι</span> 
     </span>
    </p>
   </div>
   <div class='ocr_carea' id='block_1_10' title="bbox 146 3201 1282 3289">
    <p class='ocr_par' dir='ltr' id='par_1_11' title="bbox 146 3201 1282 3289">
     <span class='ocr_line' id='line_1_15' title="bbox 146 3201 1282 3289; baseline 0.004 -19"><span class='ocrx_word' id='word_1_66' title='bbox 146 3201 318 3271; x_wconf 69' lang='lat' dir='ltr'>iecerunt</span> <span class='ocrx_word' id='word_1_67' title='bbox 335 3201 504 3288; x_wconf 77' lang='lat' dir='ltr'>pianttum</span> <span class='ocrx_word' id='word_1_68' title='bbox 531 3223 689 3289; x_wconf 83' lang='lat' dir='ltr'>magnum</span> <span class='ocrx_word' id='word_1_69' title='bbox 712 3222 810 3288; x_wconf 88' lang='lat' dir='ltr'>super</span> <span class='ocrx_word' id='word_1_70' title='bbox 841 3224 873 3268; x_wconf 86' lang='lat' dir='ltr'>e·</span> <span class='ocrx_word' id='word_1_71' title='bbox 887 3223 959 3270; x_wconf 89' lang='lat' dir='ltr'>um.</span> <span class='ocrx_word' id='word_1_72' title='bbox 1005 3204 1076 3272; x_wconf 86' lang='lat' dir='ltr'>Eu</span> <span class='ocrx_word' id='word_1_73' title='bbox 1105 3227 1126 3272; x_wconf 89' lang='grc' dir='ltr'>ο</span> <span class='ocrx_word' id='word_1_74' title='bbox 1159 3227 1178 3273; x_wconf 93' lang='lat' dir='ltr'>u</span> <span class='ocrx_word' id='word_1_75' title='bbox 1208 3231 1225 3273; x_wconf 82' lang='lat' dir='ltr'>a</span> <span class='ocrx_word' id='word_1_76' title='bbox 1254 3230 1282 3274; x_wconf 88' lang='lat' dir='ltr'>e.</span> 
     </span>
    </p>
   </div>
   <div class='ocr_carea' id='block_1_11' title="bbox 658 3336 785 3398">
    <p class='ocr_par' dir='ltr' id='par_1_12' title="bbox 658 3336 785 3398">
     <span class='ocr_line' id='line_1_16' title="bbox 658 3336 785 3398; baseline 0.009 -1"><span class='ocrx_word' id='word_1_77' title='bbox 658 3336 785 3398; x_wconf 88' lang='lat' dir='ltr'>Oratio.</span> 
     </span>
    </p>
   </div>
   <div class='ocr_carea' id='block_1_12' title="bbox 105 3393 1337 3806">
    <p class='ocr_par' dir='ltr' id='par_1_13' title="bbox 105 3393 1337 3806">
     <span class='ocr_line' id='line_1_17' title="bbox 195 3393 1337 3519; baseline 0.006 -18"><span class='ocrx_word' id='word_1_78' title='bbox 195 3456 217 3501; x_wconf 76' lang='lat' dir='ltr'>A</span> <span class='ocrx_word' id='word_1_79' title='bbox 237 3393 345 3510; x_wconf 86' lang='lat' dir='ltr'>nobis</span> <span class='ocrx_word' id='word_1_80' title='bbox 367 3453 558 3519; x_wconf 89' lang='lat' dir='ltr'>quaesumus</span> <span class='ocrx_word' id='word_1_81' title='bbox 577 3431 728 3509; x_wconf 75' lang='lat' dir='ltr'>Domine,</span> <span class='ocrx_word' id='word_1_82' title='bbox 751 3434 870 3500; x_wconf 80' lang='lat' dir='ltr'>imitiri</span> <span class='ocrx_word' id='word_1_83' title='bbox 890 3437 979 3518; x_wconf 90' lang='lat' dir='ltr'>quod</span> <span class='ocrx_word' id='word_1_84' title='bbox 997 3433 1156 3515; x_wconf 77' lang='lat' dir='ltr'>colimus,</span> <span class='ocrx_word' id='word_1_85' title='bbox 1178 3449 1215 3506; x_wconf 89' lang='lat' dir='ltr'>ut</span> <span class='ocrx_word' id='word_1_86' title='bbox 1233 3440 1337 3508; x_wconf 76' lang='lat' dir='ltr'>disci·</span> 
     </span>
     <span class='ocr_line' id='line_1_18' title="bbox 109 3442 1333 3623; baseline 0.004 -23"><span class='ocrx_word' id='word_1_87' title='bbox 109 3442 190 3608; x_wconf 88' lang='lat' dir='ltr'>D</span> <span class='ocrx_word' id='word_1_88' title='bbox 215 3533 356 3600; x_wconf 77' lang='lat' dir='ltr'>mustiz&#39;</span> <span class='ocrx_word' id='word_1_89' title='bbox 349 3531 500 3599; x_wconf 86' lang='lat' dir='ltr'>mimicos</span> <span class='ocrx_word' id='word_1_90' title='bbox 519 3531 678 3619; x_wconf 84' lang='lat' dir='ltr'>diligere:</span> <span class='ocrx_word' id='word_1_91' title='bbox 696 3534 772 3615; x_wconf 86' lang='lat' dir='ltr'>quia</span> <span class='ocrx_word' id='word_1_92' title='bbox 793 3535 863 3618; x_wconf 85' lang='lat' dir='ltr'>ejus</span> <span class='ocrx_word' id='word_1_93' title='bbox 884 3533 1027 3600; x_wconf 82' lang='lat' dir='ltr'>natalitia</span> <span class='ocrx_word' id='word_1_94' title='bbox 1045 3535 1258 3615; x_wconf 77' lang='lat' dir='ltr'>celebramus,</span> <span class='ocrx_word' id='word_1_95' title='bbox 1276 3541 1333 3623; x_wconf 92' lang='lat' dir='ltr'>qui</span> 
     </span>
     <span class='ocr_line' id='line_1_19' title="bbox 107 3629 1332 3718; baseline 0.006 -20"><span class='ocrx_word' id='word_1_96' title='bbox 107 3633 201 3700; x_wconf 87' lang='lat' dir='ltr'>novit</span> <span class='ocrx_word' id='word_1_97' title='bbox 218 3631 318 3710; x_wconf 70' lang='lat' dir='ltr'>itiam</span> <span class='ocrx_word' id='word_1_98' title='bbox 337 3650 395 3716; x_wconf 85' lang='lat' dir='ltr'>pro</span> <span class='ocrx_word' id='word_1_99' title='bbox 415 3629 673 3716; x_wconf 77' lang='lat' dir='ltr'>persecutoribus</span> <span class='ocrx_word' id='word_1_100' title='bbox 695 3631 825 3696; x_wconf 82' lang='lat' dir='ltr'>exorire</span> <span class='ocrx_word' id='word_1_101' title='bbox 848 3629 1029 3697; x_wconf 77' lang='lat' dir='ltr'>Dominum</span> <span class='ocrx_word' id='word_1_102' title='bbox 1055 3642 1203 3702; x_wconf 85' lang='lat' dir='ltr'>nostrum</span> <span class='ocrx_word' id='word_1_103' title='bbox 1222 3637 1332 3718; x_wconf 85' lang='lat' dir='ltr'>Jesum</span> 
     </span>
     <span class='ocr_line' id='line_1_20' title="bbox 105 3729 872 3806; baseline -0.001 -12"><span class='ocrx_word' id='word_1_104' title='bbox 105 3729 273 3797; x_wconf 85' lang='lat' dir='ltr'>Christum</span> <span class='ocrx_word' id='word_1_105' title='bbox 293 3729 413 3795; x_wconf 84' lang='lat' dir='ltr'>Filium</span> <span class='ocrx_word' id='word_1_106' title='bbox 433 3739 541 3796; x_wconf 87' lang='lat' dir='ltr'>tuum.</span> <span class='ocrx_word' id='word_1_107' title='bbox 562 3729 628 3806; x_wconf 80' lang='lat' dir='ltr'>Qui</span> <span class='ocrx_word' id='word_1_108' title='bbox 648 3737 756 3794; x_wconf 85' lang='lat' dir='ltr'>tecum</span> <span class='ocrx_word' id='word_1_109' title='bbox 777 3729 872 3794; x_wconf 89' lang='lat' dir='ltr'>vivit.</span> 
     </span>
    </p>
   </div>
   <div class='ocr_carea' id='block_1_13' title="bbox 147 3873 543 3956">
    <p class='ocr_par' dir='ltr' id='par_1_14' title="bbox 147 3873 543 3956">
     <span class='ocr_line' id='line_1_21' title="bbox 147 3873 543 3956; baseline -0.005 -18"><span class='ocrx_word' id='word_1_110' title='bbox 147 3874 271 3940; x_wconf 82' lang='lat' dir='ltr'>Deinde</span> <span class='ocrx_word' id='word_1_111' title='bbox 283 3880 344 3956; x_wconf 81' lang='lat' dir='ltr'>pro</span> <span class='ocrx_word' id='word_1_112' title='bbox 363 3874 397 3939; x_wconf 85' lang='lat' dir='ltr'>S.</span> <span class='ocrx_word' id='word_1_113' title='bbox 409 3873 543 3954; x_wconf 75' lang='lat' dir='ltr'>joanne.</span> 
     </span>
    </p>
   </div>
   <div class='ocr_carea' id='block_1_14' title="bbox 118 4031 686 4114">
    <p class='ocr_par' dir='ltr' id='par_1_15' title="bbox 118 4031 686 4114">
     <span class='ocr_line' id='line_1_22' title="bbox 118 4031 686 4114; baseline 0.002 -1"><span class='ocrx_word' id='word_1_114' title='bbox 118 4051 201 4114; x_wconf 74' lang='lat' dir='ltr'>Afra.</span> <span class='ocrx_word' id='word_1_115' title='bbox 222 4067 250 4112; x_wconf 88' lang='lat' dir='ltr'>r.</span> <span class='ocrx_word' id='word_1_116' title='bbox 576 4078 589 4089; x_wconf 88' lang='lat'><strong>·</strong></span> <span class='ocrx_word' id='word_1_117' title='bbox 675 4031 686 4089; x_wconf 82' lang='lat'>¹</span> 
     </span>
    </p>
   </div>
   <div class='ocr_carea' id='block_1_15' title="bbox 106 4183 1182 4386">
    <p class='ocr_par' dir='ltr' id='par_1_16' title="bbox 106 4183 1182 4386">
     <span class='ocr_line' id='line_1_23' title="bbox 106 4183 1182 4386; baseline -0.003 -15"><span class='ocrx_word' id='word_1_118' title='bbox 106 4377 111 4383; x_wconf 61' lang='grc'><strong>,</strong></span> <span class='ocrx_word' id='word_1_119' title='bbox 159 4183 208 4370; x_wconf 80' lang='lat' dir='ltr'>I</span> <span class='ocrx_word' id='word_1_120' title='bbox 319 4313 385 4370; x_wconf 85' lang='lat' dir='ltr'>-ste</span> <span class='ocrx_word' id='word_1_121' title='bbox 424 4310 475 4368; x_wconf 88' lang='lat' dir='ltr'>est</span> <span class='ocrx_word' id='word_1_122' title='bbox 488 4302 542 4384; x_wconf 85' lang='lat' dir='ltr'>Jo-</span> <span class='ocrx_word' id='word_1_123' title='bbox 560 4301 673 4379; x_wconf 75' lang='lat' dir='ltr'>iones,</span> <span class='ocrx_word' id='word_1_124' title='bbox 695 4301 752 4384; x_wconf 89' lang='lat' dir='ltr'>qui</span> <span class='ocrx_word' id='word_1_125' title='bbox 782 4319 879 4385; x_wconf 88' lang='lat' dir='ltr'>supra</span> <span class='ocrx_word' id='word_1_126' title='bbox 900 4299 1014 4386; x_wconf 80' lang='lat' dir='ltr'>pettus</span> <span class='ocrx_word' id='word_1_127' title='bbox 1032 4301 1182 4369; x_wconf 76' lang='lat' dir='ltr'>Domi-ni</span> 
     </span>
    </p>
   </div>
   <div class='ocr_carea' id='block_1_16' title="bbox 0 0 1584 4792">
    <p class='ocr_par' dir='ltr' id='par_1_17' title="bbox 0 0 1584 4792">
     <span class='ocr_line' id='line_1_24' title="bbox 0 0 1584 4792; baseline 0 0"><span class='ocrx_word' id='word_1_128' title='bbox 0 0 1584 4792; x_wconf 95' lang='lat' dir='ltr'> </span> 
     </span>
    </p>
   </div>
  </div>
 </body>
</html>
