3159 4792
256 287 332 356 142
491 287 698 392 sabbato
719 293 826 362 ante
851 291 983 363 Dom.
1007 291 1249 365 Passionis.

698 490 837 586 Feria
870 491 1033 588 Sexta.

272 749 360 812 Afra.
379 767 407 811 1.
423 767 445 827 g

354 857 434 1023 D
524 959 667 1038 Omi-ne,
716 962 743 1028 si
783 959 930 1028 iu-isses
950 961 1013 1039 hic,
1068 963 1225 1029 Li-za-rus
1247 981 1313 1028 non
1335 974 1418 1030 esset
1546 956 1547 1019 Ῐ

250 1061 1475 1385 Q

271 1389 494 1460 mor-tuus:
526 1413 597 1460 ecce
631 1395 699 1480 jam
737 1397 845 1460 ioe-tet
884 1393 1186 1477 qua-triou-rinus
1241 1395 1275 1460 in
1301 1414 1429 1461 monu-

1546 1702 1547 1715 i

249 1493 1474 1768 Ξ
1546 1732 1548 1767 i

1546 1786 1548 1809 i

1546 1840 1548 1865 i

264 1806 388 1874 monto.

797 1899 924 1961 Oratio.

254 2009 361 2177 Dr
386 2007 497 2083 nobis,
524 2025 716 2089 quaesumus
740 2004 951 2090 omnipotens
980 2006 1065 2072 Deus
1092 2025 1099 2070 :
1126 2015 1163 2072 ut
1190 2006 1247 2089 qui
1278 2005 1473 2072 infirmititis
1546 2000 1548 2085 ᾗ

363 2114 480 2171 nostrae
503 2103 641 2180 conscii,
663 2105 703 2170 de
727 2114 782 2171 tua
806 2103 926 2170 virtute
949 2103 1165 2179 confidimus,
1187 2105 1328 2171 sub.tua
1349 2125 1474 2190 semper
1546 2135 1548 2149 τ

251 2203 368 2288 pietote
387 2203 599 2289 gaudeomus.
622 2203 677 2269 Per
697 2201 889 2270 Dominum.

370 2521 580 2618 sabbato
615 2528 724 2618 ante
759 2521 1050 2618 Dominicam
1083 2520 1348 2617 Passionis.

701 2753 768 2830 Ad
788 2753 1019 2850 Vesperas.
1219 2816 1224 2827 ,

409 2853 613 2932 Capitulum.
1139 2852 1224 2910 Heor.
1240 2873 1271 2932 9.
1288 2873 1312 2911 c.
1546 2914 1548 2925 τ

328 2979 449 3029 urruns
470 2979 477 3026 :
499 2960 646 3028 Christus
664 2959 821 3028 assistens
841 2958 989 3027 Pontifex
1015 2957 1198 3028 futurorum
1218 2958 1398 3039 bonorum,
1419 2979 1472 3044 per

249 2967 322 3135 F
348 3059 492 3144 implius
510 3060 539 3124 8ι
559 3057 730 3144 periootius
749 3059 995 3126 tabernicuium
1016 3078 1082 3125 non
1099 3077 1196 3125 manu
1213 3057 1347 3136 initum,
1366 3060 1468 3134 idest,

248 3177 314 3224 non
335 3160 435 3243 hujus
458 3156 628 3225 creationis
654 3177 661 3223 :
688 3177 794 3243 neque
816 3178 873 3243 per
896 3158 1091 3244 songuinem
1117 3155 1280 3223 hircorum
1304 3168 1361 3224 aut
1388 3158 1471 3224 vitu·
1546 3170 1547 3175 ’

249 3255 373 3334 lorum,
404 3257 461 3322 sed
489 3276 544 3341 per
571 3255 738 3342 proprium
764 3257 959 3342 songuinem
984 3255 1132 3324 introivit
1155 3257 1256 3322 semei
1282 3255 1317 3322 in
1340 3255 1468 3332 Sancta,
1546 3248 1548 3303 ff

247 3353 364 3423 aetorna
385 3353 607 3440 redemptione
627 3353 769 3422 invknta.

775 3501 948 3579 Hymnus.

317 3664 344 3706 1,
552 3651 570 3694 Ι

1025 3714 1101 3758 ΙΙ

274 3775 377 3963 V
450 3897 564 3964 E-xilla
588 3899 650 3964 Re·
668 3899 720 3984 gis
740 3897 836 3983 prod·
855 3919 888 3963 e·
906 3908 967 3965 unt
979 3915 986 3962 :
1000 3897 1116 3981 Fulget
1133 3897 1260 3962 Cru-cis
1281 3897 1446 3984 mystori-

363 4046 1468 4177 fflmr.

363 4178 1445 4243 m-¹=ffl¹
1546 4186 1548 4246 !

286 4339 355 4397 um,
372 4321 444 4400 Qua
463 4321 541 4387 vi-ta
566 4333 704 4388 mortem
726 4319 874 4406 portu-lit
919 4322 956 4387 Et
975 4339 1061 4385 mor·
1089 4329 1120 4384 te
1144 4318 1267 4384 vi-tam
1284 4317 1440 4403 protulit.
