3159 4792
366 281 573 358 Sabbato
593 286 700 353 ante
721 281 1134 368 septuagesimam.
1288 288 1363 356 11⁷

317 563 562 660 Dominica
594 564 673 660 Vl.
709 572 822 686 post
855 564 1177 687 Epiphaniam.

683 745 813 807 Oratio.

135 857 322 1025 Paesti
349 870 542 934 quaesumus
570 851 778 936 omnipotens
804 852 890 919 Deus
916 871 924 918 :
950 863 988 920 ut
1009 872 1138 936 semper
1161 853 1364 921 rationabilia
1431 867 1436 872 ’

229 949 434 1024 meditantes,
459 969 534 1033 quae
561 950 621 1017 tibi
650 959 727 1016 sunt
754 948 888 1034 plicita,
913 951 943 1015 ἃ
966 947 1063 1017 ditiis
1081 951 1308 1035 exsequimur,
1333 951 1363 1017 a

134 1045 240 1113 latiis.
262 1049 319 1113 Per
337 1045 530 1118 Dominum.

423 1489 544 1553 l-mi-le
591 1497 640 1554 est
682 1506 818 1572 regnum
839 1486 1024 1555 cae-lorum
1053 1487 1224 1566 fermento,
1246 1492 1336 1573 quod

240 1729 258 1771 ι
458 1727 477 1772 Ι
649 1719 1271 1780 .-ffl——

185 1911 351 1996 acceptum
374 1910 488 1978 mu-li-
507 1929 540 1976 er
571 1908 741 1976 abscondit
799 1910 832 1976 in
857 1910 984 1977 ia-rinae
1014 1912 1109 1978 sa-tis
1128 1913 1264 1988 tri-bus,
1286 1914 1343 1979 do

167 2331 226 2377 nec
249 2309 489 2375 fermenti-tum
510 2319 558 2374 est
590 2319 719 2376 to-tum.
751 2309 773 2374 E
803 2328 823 2375 u
855 2329 876 2374 ο
904 2329 926 2376 u
955 2330 972 2374 a
1005 2331 1034 2376 e.

179 2444 218 2510 Si
238 2445 369 2528 aliquod
389 2443 513 2508 Festum
536 2443 662 2524 Duplex
685 2445 860 2509 celebratur
884 2444 917 2508 in
940 2443 1076 2510 Sublato
1098 2450 1172 2510 ante
1195 2445 1363 2532 Septuage-

132 2545 257 2616 simam,
280 2543 313 2606 in
333 2542 370 2606 ll.
393 2541 547 2624 Vespera,
565 2548 638 2624 post
656 2541 839 2608 Orationem
857 2542 941 2607 Festi
949 2544 997 2628 fit
1016 2563 1172 2609 commem.
1193 2548 1231 2608 de
1254 2545 1363 2609 Domi-

133 2643 217 2716 nica,
233 2647 265 2707 et
283 2642 317 2704 in
328 2642 398 2725 fine
415 2641 532 2706 dicitur
551 2640 782 2707 Benedicamus
797 2639 952 2716 Domino,
969 2641 1112 2717 alleluia,
1129 2641 1360 2718 allenium„

131 2747 172 2806 ut
187 2743 285 2820 infra.
490 2750 494 2760 ’

341 2855 551 2952 Sabbata
585 2861 693 2950 ante
729 2854 1156 2977 Septuaqesimam.

587 3032 654 3108 Ad
673 3033 903 3129 vesperas.

295 3135 498 3214 Capitulum.
994 3153 1020 3192 1.
1039 3133 1105 3192 Cor.
1121 3155 1153 3214 9.
1169 3135 1198 3192 d.

212 3251 359 3303 names:
381 3231 521 3299 Nescitis
544 3231 635 3314 quod
660 3230 681 3296 ii
706 3231 764 3313 qui
791 3231 824 3294 in
849 3230 954 3297 stidio
977 3240 1127 3308 currunt,
1149 3251 1264 3299 omnes
1287 3233 1361 3316 qui·

229 3335 305 3399 dem
325 3341 470 3406 currunt,
492 3330 549 3396 sed
568 3347 654 3395 unus
671 3327 789 3414 accipit
811 3327 988 3396 bravium?
1010 3329 1062 3396 Sic
1081 3329 1197 3396 ciurite
1216 3342 1253 3398 ut
1271 3350 1361 3397 com·

132 3431 351 3518 prehendatis.

176 3549 331 3631 Hymnus.
348 3546 418 3628 jam
439 3546 488 3612 sol
509 3541 637 3610 recedit.
659 3563 714 3631 35.

221 3667 253 3744 i.
276 3659 466 3748 vespertina
484 3659 587 3728 oratio
606 3658 756 3726 asctndat
773 3660 815 3725 ad
832 3670 865 3726 te
883 3657 1034 3726 Domine.

222 3767 257 3849 ri.
279 3763 317 3829 Et
334 3759 508 3828 descendat
525 3777 622 3845 super
640 3776 700 3824 nos
720 3755 942 3824 misericordia
958 3768 1023 3825 tua.

501 3893 555 3955 Ad
568 3894 773 3970 magnificat,
788 3894 994 3970 Antiphone.

167 3983 1361 4362 DQ

346 4296 421 4361 l-xit
444 4291 625 4360 Domi-nus
710 4293 751 4358 ad
795 4292 920 4358 lit-dam
944 4307 951 4355 :
974 4291 1020 4357 De
1057 4291 1149 4376 ligno
1171 4289 1262 4373 quod
1280 4297 1330 4353 est
