3159 4792
215 318 295 389 aer
523 320 657 393 resta
673 321 807 392 Junrr.
830 323 894 394 14.
917 324 982 395 15.
1005 324 1070 394 18.
1093 306 1157 394 19'.

249 574 322 673 14.
358 575 407 674 S.
443 575 613 671 Basilii
646 576 808 699 Maqni
840 577 1064 699 Episcopi,
1094 575 1414 695 Confessum,

437 729 471 803 et
488 726 647 805 Ecclesiae
665 728 827 810 noueris.
855 733 1008 824 Duplex.
1031 726 1100 827 (m.
1120 737 1148 805 t.
1167 728 1222 829 v.)

305 882 341 946 ln
358 880 499 967 utrisqrae
519 881 675 963 Vespere,
691 884 778 949 Aria.
800 883 830 947 O
849 880 1010 949 Doelor...
1028 883 1120 949 beete
1139 882 1246 951 Basili.
1269 879 1350 975 [40].

299 1097 406 1156 xauur,
422 1098 614 1164 quaesumus
628 990 907 1165 DeminePiiareees
921 1090 1057 1157 nostras,
1079 1100 1161 1164 quas
1176 1082 1209 1147 in
1228 1081 1313 1147 beiti
1334 1080 1450 1147 basilii

320 1176 523 1245 Confesseris
550 1178 598 1244 tui
627 1189 726 1262 atque
753 1178 920 1247 Pontificis
943 1180 1151 1246 solemnitete
1178 1178 1354 1248 deferimus
1379 1199 1388 1245 :
1418 1180 1451 1245 ἃ

216 1277 274 1361 qui
298 1277 359 1343 tibi
384 1278 484 1363 digne
511 1275 631 1345 meruit
655 1277 821 1355 famulam,
843 1283 914 1365 ejus
938 1276 1211 1345 intercedentibus
1235 1276 1377 1355 meritis,
1405 1280 1451 1345 ab

216 1372 372 1443 emnibus
392 1394 452 1443 nos
470 1374 604 1442 abselve
622 1376 771 1461 peccetis.
793 1378 850 1442 Per
869 1376 1063 1443 Deminum.

258 1492 365 1551 Comm.
383 1492 414 1551 S.
431 1492 552 1551 Antonii
561 1494 593 1551 dc
605 1494 713 1552 Padua.
726 1494 802 1551 Aria.
816 1494 869 1553 llic
887 1494 942 1553 vir.
958 1490 1033 1575 [47].
1046 1497 1076 1564 ᾖ.
1087 1494 1216 1573 justum.
1231 1496 1315 1552 Orat.
1335 1512 1404 1573 333.

257 1600 289 1658 In
303 1600 337 1658 II.
357 1601 438 1679 Vesp.
454 1619 550 1660 comm.
567 1602 711 1679 sequenter.

251 1798 323 1895 15.
353 1799 430 1896 Se.
458 1800 567 1907 viti,
593 1800 800 1897 Modesti
826 1822 962 1923 atque
989 1800 1279 1897 crescentiae
1306 1804 1445 1890 Mart.

262 1977 291 2038 Τ.
305 1979 340 2037 Ρ.
356 1979 431 2037 Aria.
445 1980 506 2039 Lux
521 1979 671 2057 perpetua.
690 1977 798 2062 [22].)l.
815 1976 912 2039 Saneii
928 1981 1049 2059 &justi
1066 1981 1158 2040 Extra
1177 1979 1207 2040 T.
1226 1981 1260 2040 P.
1277 1980 1353 2039 Aria.
1369 1980 1450 2041 istri-

217 2086 282 2129 rum
298 2074 352 2128 est.
371 2065 446 2149 [29].
464 2071 493 2140 i.
509 2069 673 2129 laetemini.

762 2160 890 2222 Oratio.

306 2246 581 2325 aEccleslaetuae,
607 2268 799 2333 quaesumus
829 2246 981 2327 Demine‚
1012 2246 1134 2317 saneiis
1157 2250 1353 2337 Martyribus
1375 2250 1450 2317 tuis

326 2346 415 2423 vito,
437 2346 584 2414 Modesto
602 2358 700 2430 atque
713 2344 894 2414 crescentia
910 2346 1195 2422 intercedentibus,
1218 2346 1355 2432 superbe
1374 2366 1448 2415 non

215 2446 340 2529 serpere,
362 2447 419 2512 sed
433 2444 631 2529 tibipleeita
654 2446 840 2512 humilitite
863 2445 1015 2530 proficere
1041 2466 1048 2512 :
1075 2456 1112 2513 ut
1130 2467 1226 2531 prava
1244 2444 1446 2530 despiciens,

215 2544 431 2627 quaecrimque
451 2542 535 2610 reela
552 2554 642 2621 sunt,
665 2542 761 2609 libera
780 2543 925 2611 exerceat
941 2544 1082 2611 caritaite.
1105 2546 1161 2610 Per
1179 2542 1372 2619 Deminurn.

248 2752 320 2847 18.
397 2751 475 2847 Ss,
511 2751 664 2847 illarei
697 2759 745 2847 et
778 2751 1073 2848 Marcelliani
1107 2758 1374 2875 Martyrum.

762 2904 890 2966 Oratio.

214 3007 412 3175 Pensm,
431 3021 622 3086 quaesumus
636 2989 856 3087 ¹omnipotens
879 3005 965 3070 Deus
987 3022 995 3069 :
1017 3013 1055 3068 ut
1072 3002 1129 3087 qui
1153 3000 1339 3070 saneierum
1360 3003 1450 3068 Mait-

309 3112 418 3187 tyrum
443 3098 574 3167 tuerum
599 3101 695 3166 Marci
715 3103 745 3166 81
764 3102 960 3167 Marcelliani
983 3100 1127 3168 natalitia
1145 3098 1303 3176 celimus,
1325 3122 1343 3166 a
1362 3120 1450 3169 cun-

212 3197 275 3265 eiis
306 3200 402 3266 malis
427 3198 681 3266 imminentibus
708 3198 821 3267 eerum
854 3198 1142 3268 intercessienibus
1172 3199 1358 3267 liberemur.
1385 3200 1452 3267 Per

215 3296 408 3365 Deminum.

248 3533 319 3628 19.
374 3533 423 3632 S.
460 3532 661 3630 Julianae
696 3534 752 3628 de
787 3534 1080 3630 Falconeriis
1114 3533 1329 3655 Virginis.

766 3686 885 3763 uupnx.

652 3802 700 3877 ln
719 3803 751 3876 1.
773 3800 993 3899 Vesperis.

734 3928 907 4007 Hymnus.

247 4062 1450 4393 &Q

415 4326 573 4393 AE-lesiis
608 4326 696 4412 Agni
733 4327 840 4412 nepti·
859 4346 894 4393 as
930 4326 1082 4410 OJu-li·
1106 4328 1167 4393 aina
1194 4327 1273 4394 dum
1293 4326 1412 4411 petis,
