3159 4792
232 272 309 343 280
423 275 557 344 Festa
577 272 818 344 Februarii.
836 274 918 342 22.
941 273 1023 343 23.
1045 274 1127 372 24.
1147 270 1257 363 [25].

253 550 327 648 22.
406 552 461 647 In
496 552 735 649 Gathedra
759 555 808 650 S.
835 553 967 648 Petri
999 552 1277 648 Antiochiae.

732 732 842 811 Duplex
855 731 954 809 masis.

272 874 414 958 Officium
424 877 473 962 fit
492 880 531 940 ut
550 884 645 958 supra
668 878 702 942 in
729 876 889 941 Cathedra
914 876 1072 949 Rmnana,
1094 894 1175 961 254,
1196 876 1309 941 omissa
1327 895 1459 941 comme-

225 974 398 1039 moratione
416 974 451 1039 S.
474 974 602 1039 Priscae.

263 1090 295 1146 in
309 1090 344 1147 II.
365 1089 498 1168 Vesperis,
509 1094 574 1169 post
588 1109 683 1147 comm.
701 1090 733 1147 S.
750 1090 836 1147 Pauli
848 1089 983 1167 Apostoli,
990 1090 1031 1165 fii
1050 1108 1146 1147 comm.
1163 1091 1308 1167 sequenti,
1325 1095 1354 1147 et
1373 1090 1458 1148 Ferioe

226 1180 257 1236 in
272 1180 497 1259 Qsadragesim.

258 1412 331 1508 23.
367 1414 416 1509 S.
446 1413 578 1508 Petri
601 1413 818 1508 Damiani
843 1412 1067 1533 Episcopi,
1096 1412 1412 1529 Confessori8‚

551 1584 585 1655 et
602 1580 761 1656 Ecclesiae
778 1578 941 1657 Doctoris.
969 1584 1122 1675 Duplex.

307 1742 382 1801 Aia.
399 1743 426 1801 Ο
442 1740 550 1802 ὓοέὶοῐ
564 1742 715 1819 6ptime...
732 1742 817 1801 beite
831 1742 923 1801 Petre.
942 1738 1017 1823 [4o].
1036 1746 1063 1812 ii.
1081 1742 1204 1800 Amivit
1218 1761 1297 1801 eum.

776 1852 903 1913 Oratio.

230 1948 427 2123 Coscioi
448 1966 519 2023 nos,
541 1967 731 2032 quaesumus
750 1946 962 2032 omnipotens
981 1948 1083 2024 DeuS,
1106 1949 1189 2016 beiti
1215 1950 1296 2015 Petri
1320 1948 1458 2017 Confes-

328 2044 411 2113 siris
430 2047 477 2112 tui
502 2057 599 2129 atque
623 2046 789 2113 Pontificis
819 2046 945 2113 minita
963 2047 992 2111 81
1011 2045 1162 2131 eximpla
1181 2046 1294 2114 sestiri
1313 2066 1320 2112 :
1344 2058 1382 2114 ut
1401 2067 1458 2132 per

226 2142 424 2209 terrestrium
450 2162 555 2209 rerum
580 2144 806 2227 coniimptum
836 2143 953 2210 aete'rna
976 2144 1094 2228 giudia
1117 2146 1371 2229 consequimur.
1399 2147 1458 2211 Per

226 2239 419 2307 Diminum.
1305 2238 1308 2243 ’

264 2357 368 2415 Deinde
381 2376 475 2415 comm.
492 2358 576 2415 Ferioe
589 2358 619 2415 in
635 2357 775 2437 Qsadrag.

267 2464 401 2542 Vespera,
416 2467 507 2523 sinon
520 2470 560 2522 est
574 2466 729 2534 bissextilis,
745 2466 777 2523 de
789 2483 857 2542 seq„
875 2483 970 2521 comm.
982 2466 1100 2543 praced.
1117 2472 1145 2523 et
1155 2464 1239 2523 Ferioe
1254 2468 1283 2523 in
1300 2468 1445 2547 Qsadrag.

609 2697 664 2768 24.
685 2700 730 2768 vel
750 2698 805 2767 25.
827 2714 902 2769 anno
922 2700 1074 2769 bissextili.

481 2878 649 2973 Sancti
675 2877 933 2974 MATHIAE
958 2877 1189 2999 Apostoli.

702 3047 812 3125 Duplex
826 3067 856 3105 2.
873 3048 973 3106 classis.

775 3171 904 3233 Oratio.

227 3273 381 3439 Dim,
402 3269 459 3350 qui
480 3268 611 3335 beitum
637 3266 793 3334 Mathiam
821 3268 1054 3352 Apostoidrum
1078 3268 1210 3335 tuisrum
1235 3268 1377 3355 collegio
1402 3289 1457 3336 so-

335 3367 426 3434 ciisti
455 3386 462 3431 :
489 3366 604 3441 tribue,
627 3386 833 3450 quaesumus;
857 3377 894 3433 ut
916 3370 985 3453 ejus
1010 3365 1259 3443 interventic'sne‚
1283 3377 1348 3433 tuae
1371 3369 1457 3433 circa

226 3482 287 3531 nos
305 3465 435 3549 pietitis
454 3484 580 3547 semper
600 3461 721 3530 viscera
741 3464 933 3531 sentiimus.
957 3467 1013 3530 Per
1032 3464 1224 3530 Diminum.

266 3589 373 3647 Comm.
390 3590 421 3647 S.
440 3589 520 3647 Petri
531 3588 673 3656 Damizni,
689 3590 793 3664 quoties
806 3608 862 3645 non
872 3595 911 3647 est
926 3590 1080 3648 bissextilis.
1097 3589 1173 3647 Aia.
1191 3589 1218 3647 O
1237 3586 1356 3648 Doiior.
1375 3586 1454 3671 [40].

225 3682 255 3750 i.
267 3680 385 3756 Justum
400 3676 531 3735 dedixit.
550 3672 648 3735 Postea
662 3676 746 3734 ferie
758 3678 789 3734 in
805 3677 945 3758 Qadrag.

612 3970 1062 4026 *ᾗῇ-..-
