3159 4792
216 250 294 319 422
455 250 587 321 Festa
607 246 903 332 Septembris.
926 251 1008 323 26.
1030 251 1111 321 27.
1134 251 1216 322 28.

1033 404 1440 413 ——m

249 530 322 625 26.
360 533 437 628 Ss.
475 530 697 653 Cypriani
731 538 778 626 et
812 532 1015 627 iustinae
1049 536 1314 654 Martyrum.

769 711 897 773 Oratio.
1578 743 1579 770 i

220 812 450 981 Buauouuu
475 808 653 894 Mirtyrum
678 808 832 895 Cypriani
856 807 1041 890 &justinae
1067 828 1126 875 nos
1149 806 1290 874 Dimine
1315 807 1446 876 faveant
1573 845 1578 854 ·

321 906 508 974 continuata
536 906 683 992 praesidia
715 924 722 971 :
753 907 831 989 quia
861 926 926 973 non
955 906 1076 973 (lisinis
1110 906 1271 992 propitius
1303 906 1442 985 intuiti,

218 1025 302 1091 quos
320 1007 442 1075 talibus
460 1004 592 1071 auxiliis
611 1004 808 1072 concesseris
826 1006 983 1091 adiuvari.
1009 1007 1067 1071 Per
1084 1004 1277 1072 Diminum.

250 1249 322 1347 27.
370 1252 448 1347 Ss.
487 1250 671 1347 Gosmae
706 1256 753 1345 et
786 1250 1001 1346 Damiani
1035 1255 1301 1373 Martyrum.

627 1401 630 1411 ’
739 1411 922 1490 Scintiiuplex.

768 1529 896 1592 Oratio.

293 1645 421 1702 uasta,
443 1646 636 1710 quaesumus
655 1624 864 1711 omnipotens
883 1627 970 1693 Deus
993 1644 999 1690 :
1022 1637 1058 1693 ut
1077 1628 1134 1711 qui
1155 1624 1342 1693 sanitatum
1363 1627 1446 1693 Mir-

310 1737 419 1813 tyrum
440 1722 571 1792 tudrum
595 1724 723 1791 Cosmae
746 1727 775 1790 8ι
801 1725 949 1791 Damiini
977 1724 1121 1792 natalitia
1145 1724 1304 1801 cilianus,
1325 1747 1343 1791 a
1366 1745 1447 1793 cun-

217 1822 280 1890 uis
311 1825 407 1891 malis
433 1822 685 1889 imminintibus
713 1821 824 1890 eitum
855 1823 1141 1891 intercessiianibus
1170 1823 1356 1891 liberimur.
1388 1824 1447 1889 Per

218 1920 410 1989 Diminum.

261 2046 341 2124 Vesp.
357 2066 375 2105 a
391 2045 486 2124 Capit.
503 2046 535 2104 de
548 2048 680 2124 sequenti,
697 2066 793 2105 comm.
805 2048 922 2125 proeccd.

250 2216 325 2376 28.ι
388 2281 436 2376 S.
470 2280 750 2377 Wenceslai
783 2280 926 2373 Ducis
961 2304 1007 2372 et
1042 2282 1271 2405 Martyris

740 2442 922 2522 Semiduplex.

768 2561 895 2623 Oratio.

221 2662 377 2829 DEUS,
400 2658 456 2768 qui
475 2656 607 2723 beatum
627 2657 859 2725 Wencesiaium
879 2678 936 2743 per
954 2659 1098 2744 martyrii
1118 2659 1262 2742 palmam
1282 2658 1446 2726 atestino

324 2755 504 2839 principatu
530 2756 569 2819 ad
593 2754 754 2822 caeiistem
779 2755 918 2842 glutiam
942 2757 1137 2824 transtulisti
1165 2775 1173 2822 ε
1199 2760 1271 2842 ejus
1296 2756 1447 2842 precibus

218 2873 278 2919 nos
296 2855 336 2919 ab
356 2854 447 2920 omni
467 2853 659 2919 adversitate
683 2852 827 2933 custiidi,
854 2858 883 2921 8ι
907 2853 1052 2941 ejusdem
1078 2853 1184 2921 tribue
1207 2854 1347 2940 gaudiia
1367 2876 1448 2923 con-

218 2949 331 3018 sc'uti0.
354 2951 410 3016 Per
430 2950 623 3017 Duminum.

260 3066 366 3125 Comm.
382 3067 427 3125 Ss.
443 3066 549 3125 Cosmoe
566 3072 593 3124 et
607 3067 748 3126 Damiuni.
763 3070 839 3128 Aria.
854 3070 1000 3129 Gaudent.
1018 3066 1092 3150 [31].
1109 3073 1137 3140 i.
1152 3070 1358 3129 Exsultibunt.

262 3174 342 3251 Vasp'.
358 3174 391 3231 de
403 3174 533 3252 sequenti,
549 3176 606 3233 sine
619 3193 717 3233 comm.
729 3177 917 3254 prandentis.
