3159 4792
468 306 600 380 Festa
622 307 737 379 Maii.
759 308 807 379 4.
829 308 874 379 5.
898 307 945 376 6.
1241 306 1318 375 317

114 587 158 684 4.
460 590 509 687 S.
546 588 747 685 Monicae
782 587 953 679 Viduae.
1100 586 1282 712 Duplex.

166 777 244 835 Ario.
264 774 367 836 Simile
381 782 435 836 est.
454 773 528 859 [56],
547 780 575 848 i.
592 777 695 855 Spicie
708 782 769 836 tua.

642 886 770 949 Oratio.

174 1002 235 1050 nus
265 982 471 1051 maerontium
499 984 695 1059 consoiitor,
723 985 752 1050 &
776 985 810 1049 in
838 993 870 1049 te
894 982 1094 1067 sperintium
1124 984 1229 1058 salus,
1260 982 1317 1065 qui

197 1084 305 1149 beitae
328 1082 464 1150 Monicae
483 1084 553 1169 pias
574 1084 721 1149 licrimas
746 1084 778 1149 in
807 1080 1018 1149 conversione
1042 1080 1103 1146 filii
1129 1082 1179 1147 sui
1205 1082 1319 1167 Augu-

87 1179 163 1247 stini
197 1180 451 1250 misericorditer
484 1181 654 1267 suscepisti
687 1201 694 1247 :
726 1184 765 1248 da
804 1182 898 1247 nobis
931 1181 1101 1263 utriiisque
1135 1179 1319 1247 intervintu

87 1280 213 1365 peccata
237 1291 349 1348 nostra
367 1280 543 1367 deplorire,
559 1283 589 1347 8ι
606 1282 720 1369 gritiae
743 1291 808 1347 tuae
830 1278 1068 1365 indulgintiam
1091 1278 1246 1345 invenire.
1264 1282 1320 1345 Per

90 1378 308 1445 Dominum..

129 1505 212 1583 Vesp.
229 1526 249 1564 a
265 1504 362 1583 Capit.
378 1506 411 1565 dc
423 1525 492 1584 seq„
507 1524 602 1564 comm.
616 1508 732 1583 proced.

119 1750 161 1845 5.
333 1749 382 1846 S.
410 1750 484 1845 Pii
516 1750 570 1847 V.
601 1754 731 1872 Papae
765 1772 812 1839 et
841 1724 1154 1839 ConfesooriS.

535 1911 654 1989 Duplex.
679 1909 754 1989 (m.
771 1913 800 1972 t.
816 1909 878 1990 v.)

639 2037 767 2099 Oratio.

177 2164 248 2222 EUS,
270 2145 329 2229 qui
348 2146 389 2209 ad
407 2142 622 2211 conterindos
646 2142 795 2210 Ecciisiae
814 2154 879 2209 tuae
904 2144 1025 2219 hostes,
1051 2144 1080 2208 ἃ
1104 2145 1144 2209 ad
1167 2142 1319 2210 divinum

96 2149 172 2317 D
198 2246 329 2310 cultum
350 2243 575 2327 reparimdum,
596 2242 728 2308 beitum
744 2243 837 2309 Pium
859 2240 1046 2309 Pontificem
1064 2242 1247 2309 Miximum
1262 2241 1321 2308 eli-

93 2362 162 2427 gere
189 2342 347 2429 dignitus
375 2361 409 2409 es
439 2361 447 2407 :
473 2343 520 2408 iac
545 2362 605 2408 nos
630 2340 734 2427 ipsius
763 2340 890 2406 deiindi
921 2339 1100 2425 praesidiis,
1128 2342 1226 2407 &ita
1253 2343 1320 2408 tuis

93 2440 244 2507 inhaere're
262 2440 448 2525 obsiquiis3
471 2451 507 2507 ut
525 2439 677 2508 omnium
698 2438 844 2507 hostium
865 2440 1024 2524 superitis
1045 2439 1186 2515 insidiis,
1208 2440 1320 2525 perpi-

94 2551 145 2605 tua
162 2560 241 2626 pace
261 2539 419 2606 laetimur.
441 2542 498 2605 Per
517 2538 709 2606 Dominum.

131 2664 239 2724 Comm.
256 2665 288 2724 S.
305 2665 432 2724 Monico.
446 2664 522 2723 Ario.
540 2666 661 2724 Manum
676 2683 772 2724 suam.
790 2661 866 2746 [57].
884 2666 913 2735 y.
931 2664 1040 2723 Diffisa
1055 2670 1109 2723 est.

133 2772 212 2853 Vesp.
229 2774 264 2832 dc
276 2792 344 2851 seq„
361 2792 457 2831 comm.
468 2774 585 2852 μακά.

123 3016 164 3112 6.
248 3016 297 3113 S.
334 3016 532 3113 ioannis
567 3023 676 3113 ante
711 3017 904 3113 Portam
937 3016 1154 3112 Latinam

596 3186 705 3266 Duplex
719 3187 817 3265 majus.

138 3322 254 3389 Omnia
271 3324 360 3389 utin
379 3323 550 3391 Communi
566 3324 787 3404 Apostolorum
812 3322 953 3404 Tempore
971 3323 1127 3399 Paschali,
1151 3319 1231 3412 [17]-

281 3476 321 3537 1n
335 3476 454 3553 utrisq.
470 3476 644 3553 vesperis,
660 3475 703 3536 ad
717 3475 914 3552 magnificat
926 3476 1131 3552 Antiphona.

296 3898 505 3965 Nierventis
572 3896 670 3964 o-ie-
691 3896 896 3965 idolium
927 3898 1048 3965 missus
1106 3901 1163 3964 be·
1185 3899 1280 3966 a-tus

193 4188 271 4238 ,Ι
589 4179 1231 4242 -Ι

125 4317 286 4397 joannes
313 4319 530 4405 A-postolus,
557 4322 607 4387 di·
591 4320 663 4387 -vi-
666 4340 706 4387 na
746 4340 781 4388 se
801 4332 923 4405 pro-te-
927 4321 1025 4405 ge'nte
1065 4321 1193 4406 gri-ti·
1210 4342 1241 4398 a,
