3159 4792
234 269 313 337 460
499 269 633 339 Festa
655 268 936 338 Novembris.
960 268 1023 337 19.
1045 268 1127 337 20.
1150 269 1215 337 21.

269 521 340 616 19.
588 522 637 617 S.
667 520 916 616 Elisabeth
944 519 1115 610 Viduae.
1159 527 1163 537 '

795 681 914 759 Duplex.

784 798 913 859 Oratio.

318 916 427 966 uorcun
447 898 541 963 corda
561 896 709 963 fideiium
730 897 818 963 Deus
838 896 1006 963 miseritor
1024 897 1150 963 illustra
1172 916 1180 962 :
1203 899 1348 964 &beitae
1363 897 1468 965 Elisa-

340 998 415 1063 beth
441 995 589 1081 precibus
619 994 773 1082 gloridsis
802 998 850 1061 sac
878 1014 938 1062 nos
962 993 1111 1080 prdspera
1140 997 1256 1062 mundi
1286 996 1465 1081 despicere,

233 1097 263 1160 8ι
281 1093 401 1161 caelesti
418 1113 546 1179 semper
564 1091 787 1161 consolatidne
807 1093 956 1179 gaudere.
979 1094 1037 1159 Per
1054 1092 1249 1162 deinum.

274 1211 381 1269 Comm.
393 1211 581 1289 precedentis.
601 1211 675 1268 Aria.
693 1211 720 1268 0
736 1228 836 1286 quam.
854 1205 929 1291 [63].
948 1212 976 1279 i.
995 1210 1125 1268 Domum
1140 1217 1233 1270 tuam.

274 1327 371 1387 Postea
387 1325 417 1387 S.
433 1324 588 1389 Pontiani
605 1326 689 1404 Papa
702 1330 730 1383 et
743 1326 887 1402 Martyris.
906 1327 981 1383 Aria.
998 1326 1054 1385 lste
1068 1324 1196 1385 sandius.
1214 1324 1289 1408 [14].
1306 1330 1335 1397 ii.
1348 1327 1463 1387 Gldria.

785 1434 913 1509 Oratio.

284 1549 499 1599 usrsnrrnrsu
523 1542 665 1599 nostram
687 1531 808 1616 respice
838 1530 1048 1615 omnipotens
1072 1534 1160 1600 Deus
1186 1551 1194 1598 ι
1220 1534 1250 1597 8ι
1274 1534 1350 1616 quia
1379 1554 1465 1618 pon·

307 1633 368 1697 dus
387 1629 524 1715 prdpriae
541 1628 678 1697 aiiidnis
697 1641 820 1715 gravat,
846 1631 931 1696 beiti
953 1631 1101 1697 Pontiini
1126 1632 1273 1718 Mistyris
1291 1633 1340 1697 tui
1365 1643 1465 1717 atque

234 1728 399 1795 Pontificis
420 1728 606 1795 intercessio
624 1727 766 1813 gloridsa
786 1748 847 1795 nos
867 1728 1024 1815 prdtegat.
1047 1730 1104 1795 Per
1122 1728 1315 1797 deinum.

277 1846 356 1923 Vesp.
374 1866 391 1903 a
406 1844 501 1923 Capit.
521 1846 553 1903 de
566 1847 695 1923 sequenti,
713 1864 808 1903 comm.
814 1847 932 1924 preccd.

266 2061 338 2157 20.
419 2061 467 2156 S.
497 2062 671 2157 Felicis
699 2063 756 2156 de
781 2062 948 2177 Vaiois
975 2060 1287 2154 Confessoris

685 2214 803 2292 Duplex.
821 2213 895 2291 (m.
910 2216 940 2275 t.
955 2214 1011 2292 V.)

777 2331 904 2393 Oratio.

237 2436 391 2603 Deus
413 2429 469 2512 qui
490 2428 621 2494 beitum
642 2426 779 2495 Felicem
799 2427 1025 2495 Confessdrem
1045 2440 1140 2496 tuum
1156 2450 1196 2495 ex
1210 2429 1319 2497 eremo
1333 2434 1373 2498 ad
1390 2454 1465 2499 mu-

346 2547 408 2594 nus
428 2525 607 2594 redimendi
627 2525 772 2610 captivos
796 2527 922 2594 caelitus
941 2528 1054 2593 vocire
1073 2529 1227 2612 dignitus
1245 2549 1280 2596 es
1301 2550 1309 2597 :
1332 2542 1461 2615 presta,

235 2647 426 2712 quaesumus
445 2644 452 2706 ;
476 2635 512 2691 ut
526 2645 582 2710 per
596 2626 731 2711 gritiam
749 2636 838 2690 tuam
854 2645 893 2691 ex
909 2625 1111 2710 peccaterum
1128 2625 1312 2695 nostrdrum
1328 2631 1465 2713 captivi-

236 2728 312 2803 tite,
335 2730 405 2812 ejus
425 2722 655 2790 intercessidne
676 2722 818 2799 liberiti,
840 2725 878 2788 ad
894 2723 1054 2789 caelestem
1076 2724 1212 2808 pitriam
1233 2727 1460 2809 perducimur.

234 2827 290 2890 Per
310 2822 502 2889 deinum.

274 2939 381 2997 Comm.
399 2938 430 2995 S.
448 2936 594 2995 Elisabeth.
612 2937 687 2993 Aee.
707 2936 828 2994 Manum
842 2954 938 2995 suam.
957 2933 1031 3017 [57].
1050 2940 1078 3006 i.
1097 2936 1207 2996 Diffusa
1222 2945 1276 2997 est.

277 3046 357 3123 Vesp.
373 3046 405 3102 de
418 3044 550 3121 sequenti,
574 3060 669 3099 comm.
681 3045 800 3121 preced.

241 3174 1452 3217 eusefflwwweeeeewwwmmmwwmmw

267 3304 340 3400 21.
377 3304 432 3399 In
466 3304 846 3399 Praesentaiione
881 3304 934 3399 Β.
971 3304 1135 3400 Mariae
1168 3305 1392 3427 Virginis.

735 3464 845 3543 Duplex
858 3464 957 3542 majus.

283 3599 398 3665 Omnia
416 3599 565 3665 dicuutur
584 3602 622 3663 ut
638 3598 672 3661 in
691 3597 788 3663 Festis
807 3598 844 3661 B.
866 3598 912 3663 M.
932 3598 966 3661 V
966 3647 988 3673 .‚
1005 3604 1123 3679 preter
1140 3601 1308 3683 seqeuntia.

514 3742 554 3801 In
568 3740 719 3817 utrisque
733 3741 907 3817 vesperis,
923 3741 966 3801 ad
980 3742 1184 3817 Magnificat,
