3159 4792
449 295 581 366 Festa
599 296 815 366 Januarii.
838 298 883 367 3.
906 296 987 367 23.
1227 296 1332 390 [105]

579 470 619 529 In
633 468 676 529 11.
692 470 866 545 vesperis.

132 1294 167 1358 ni
237 1294 277 1359 ab
297 1294 348 1359 his
371 1294 428 1377 qui
473 1291 637 1360 occidunt
659 1311 788 1377 corpus,
832 1291 988 1359 i-nimam
1008 1301 1117 1359 autem
1139 1312 1204 1360 non
1234 1312 1308 1378 pos-

102 1434 1335 1661 ᾗ

134 1712 214 1768 sunt
240 1700 421 1768 occide-re.

197 1828 228 1905 Ῡ.
247 1828 329 1908 Justi
349 1837 458 1893 autem
481 1827 513 1892 in
534 1824 724 1911 perpetuum
746 1826 869 1891 vivent.

198 1926 233 2011 fi.
256 1926 293 1990 Et
309 1925 395 2009 apud
416 1922 595 1990 Deminum
616 1933 665 1990 est
684 1943 806 1989 merces
825 1921 950 1989 ebrum.

478 2198 646 2283 FESTA
681 2198 970 2285 JANUARll.

140 2372 183 2467 3.
430 2372 480 2467 S.
514 2372 766 2467 Genoveiae
801 2370 1017 2517 Virginis.

660 2540 786 2602 Oratio.

111 2644 308 2811 Essenos
323 2657 421 2722 super
435 2657 495 2704 nos
509 2636 810 2723 Dbminespiriturn
824 2636 1041 2722 agnitidnis&
1054 2635 1242 2705 dilectidnis
1255 2648 1332 2713 tuae,

213 2757 281 2820 quo
298 2734 451 2803 ancillam
475 2747 565 2803 tuam
590 2734 787 2801 Genoveiam
820 2734 1000 2819 implevisti
1028 2754 1034 2801 :
1068 2746 1104 2803 ut
1127 2734 1239 2803 sedula
1266 2740 1336 2823 ejus

111 2833 293 2902 imitatibne
316 2835 374 2900 tibi
395 2833 516 2901 sincere
540 2832 769 2917 obsequentes,
796 2834 861 2899 fide
879 2833 939 2900 tibi
965 2833 994 2898 ἃ
1018 2832 1112 2918 (spere
1137 2834 1331 2918 placeirnus

110 2935 166 3000 Per
184 2932 406 2999 Deminum...
429 2933 464 2998 in
484 2932 607 3000 unitite
625 2930 767 3017 Spiritus
784 2928 893 2997 Sancti
913 2931 1012 2998 Deus.

112 3168 182 3263 23.
212 3168 267 3263 In
293 3166 677 3289 Desponsatione
704 3168 758 3262 B.
777 3166 838 3262 Μ.
859 3166 914 3261 V.
938 3191 1045 3261 cum
1066 3166 1114 3261 S.
1138 3166 1332 3286 Joseph.

610 3336 718 3415 Duplex
732 3336 830 3414 majus.

555 3479 602 3554 In
622 3478 653 3552 1.
676 3477 894 3574 Vesperis.

373 3913 578 3997 Esponsi-ti-
603 3913 755 4000 oglo-ri-
775 3911 853 3979 eisae
898 3911 1054 3998 virgi-nis
1073 3910 1193 3979 Ma-ri-
1237 3932 1276 3988 ae,

470 4119 1173 4202 {HUW'

116 4244 206 4254 ..-
886 4186 1156 4244 ιη.

158 4321 195 4366 ex
223 4298 363 4368 semi-ne
404 4302 567 4380 Abra-hae,
630 4312 708 4369 ortae
739 4303 779 4368 de
807 4300 909 4368 tri-bu
965 4298 1053 4379 luda,
1115 4302 1179 4367 cla·
1190 4320 1222 4366 ra
1270 4320 1309 4365 ex
