3159 4792
273 269 350 337 256
620 267 753 339 Festa
769 266 984 357 tannarii,
1007 267 1072 338 18.
1095 267 1159 338 19.

311 413 415 471 Deinde
428 431 523 471 comm.
541 412 572 470 S.
590 413 710 471 Antonii
721 412 848 471 Abbatis.
866 410 941 469 Anio.
960 410 1012 469 Hic
1024 412 1079 470 vir.
1097 407 1172 492 [47].
1189 412 1217 480 Ῡ.
1231 409 1349 489 Justum
1363 412 1479 470 deduxit.

273 505 356 561 Orat.
373 501 555 561 Intercissio.
571 518 640 579 253.

312 609 451 668 Postremo
466 609 496 672 S.
512 607 634 671 Priscae
650 609 730 689 Virg.
744 614 771 666 et
785 609 876 667 Mart.
889 607 963 665 Ano.
976 608 1048 666 Veni
1060 625 1178 684 sponsa.
1193 604 1267 689 [51].
1281 609 1311 677 Ῡ.
1323 607 1420 685 Spe'cie
1429 614 1479 666 tua.

821 725 948 788 Oratio.

274 831 393 998 Du,
414 844 606 908 quaesumus
628 824 840 909 omnipotens
863 823 950 891 Deus
972 842 979 890 :
1001 825 1114 907 utqui
1134 823 1235 891 beitae
1257 823 1372 889 Priscae
1390 821 1481 908 Virgi-

378 925 478 991 nis&
502 924 650 1011 Mirtyris
672 935 737 991 tuae
761 922 907 991 natalitia
930 920 1086 1001 colimus,
1108 923 1138 989 8ι
1160 924 1269 990 innua
1292 922 1481 988 solemnium

272 1021 430 1101 laetimur,
451 1025 593 1090 &tantae
612 1023 688 1090 fidei
709 1022 919 1108 proficiimus
938 1020 1101 1107 eximplo.
1119 1022 1176 1089 Per
1190 1020 1382 1088 Dominum.

699 1203 748 1276 In
767 1200 821 1276 11.
843 1200 1061 1299 vesperis.

314 1367 514 1448 Antiphonae,
530 1366 652 1432 Psalmi
668 1370 701 1431 et
720 1365 903 1447 Capitulum
918 1368 956 1431 de
976 1366 1145 1431 Communi
1162 1365 1257 1451 Conf.
1279 1364 1443 1451 Pontifici.

315 1484 468 1565 Hymnus.
489 1483 741 1566 Quodcumque.
764 1482 848 1547 utin
867 1481 891 1547 I.
912 1481 1068 1565 Vespero.

359 1603 391 1678 t.
414 1598 518 1686 Elegit
542 1610 579 1667 te
593 1596 757 1665 Dbminus
775 1596 974 1665 sacerdotem
995 1599 1071 1666 sibi.

360 1699 395 1785 u.
418 1699 469 1764 Ad
488 1698 734 1765 sacrificindum
754 1698 784 1763 ei
805 1696 945 1764 bostiam
966 1697 1084 1763 laudis.

316 1816 371 1882 Au
388 1816 586 1901 Moguificat
608 1818 693 1881 Auo.
715 1815 801 1880 Dum
822 1825 908 1881 esset
926 1832 1078 1881 summus
1097 1812 1257 1881 Pontifex.
1279 1810 1359 1903 [39].

311 1932 415 1991 Deinde
428 1950 524 1990 comm.
535 1932 566 1990 S.
579 1931 664 1990 Ponti
671 1932 806 2010 Apostoli,
818 1936 852 1990 ut
860 1937 953 2009 mepta,
971 1947 989 1989 2
994 1949 1041 2009 55.
1058 1930 1156 1989 Postea
1169 1932 1303 2009 sequentis
1316 1936 1343 1988 et
1355 1930 1397 1988 Ss.
1412 1930 1481 1987 Mur-

272 2028 363 2099 tyrum
377 2026 411 2080 ut
419 2023 503 2096 infra.

305 2248 376 2344 19.
511 2248 560 2344 S.
591 2248 760 2346 Canuti
787 2247 921 2369 Regis
949 2271 995 2338 et
1016 2247 1242 2370 Martyris,
1295 2370 1298 2373 Ι

656 2452 661 2459 ·
705 2420 877 2497 semuupox
890 2419 928 2477 m
941 2420 1060 2477 meeum.

311 2555 346 2613 Si
352 2556 456 2613 venerit
469 2555 499 2613 in
513 2556 667 2625 Dominum,
684 2556 728 2614 vet
745 2557 776 2613 in
793 2556 836 2613 die
853 2556 930 2630 insro
947 2554 1068 2632 otiqmm
1088 2555 1230 2625 Ottavom,
1251 2556 1400 2613 omittitur.

311 2663 386 2721 Anio.
403 2663 458 2722 iste
472 2660 600 2721 santius.
619 2659 693 2744 [¹4]·
711 2666 740 2732 t.
757 2662 855 2721 Gloria
871 2663 896 2721 u
911 2662 1033 2721 honore.

820 2780 948 2843 Oratio.

274 2894 429 3061 Duos
451 2890 509 2973 qui
533 2889 574 2954 ad
598 2888 826 2955 illustrindam
847 2886 1019 2955 Ecclisiam
1046 2899 1153 2964 tuam,
1175 2889 1307 2955 beitum
1331 2889 1482 2955 Canutum

384 3009 491 3075 regem
513 2989 656 3075 martyrii
677 2990 786 3073 palma
805 2986 1008 3073 &gloriosis
1028 2986 1358 3054 miriculisdecorire
1380 2988 1484 3071 digni·
1544 3024 1545 3033 κ

271 3098 326 3153 tus
343 3105 378 3152 es
400 3104 408 3150 ε
429 3085 569 3153 concide
588 3085 769 3171 propitius3
787 3096 835 3161 ut,
858 3086 941 3151 sicut
962 3086 1030 3170 ipse
1048 3085 1229 3151 Dominicae
1244 3085 1406 3171 passionis
1419 3086 1484 3151 imi-

272 3185 357 3251 titor
374 3185 452 3259 suit,
476 3185 519 3250 ita
540 3202 600 3250 nos
620 3203 676 3268 per
694 3186 764 3270 ejus
788 3182 926 3269 vestigia
949 3182 1149 3271 gradiintes,
1171 3185 1211 3250 ad
1234 3184 1352 3272 giudia
1375 3184 1484 3268 sempi-

272 3282 361 3348 tirna
381 3279 547 3365 pervenire
567 3281 758 3350 mereimur.
780 3284 838 3348 Per
856 3282 1007 3351 eumdem
1029 3281 1222 3351 Dominum.

311 3398 415 3456 Deinde
431 3418 529 3457 cunm.
548 3398 597 3461 ss.
614 3397 722 3475 Uarii,
738 3399 887 3475 Haribus,
904 3398 1076 3462 Audiiaois
1091 3404 1125 3462 ut
1139 3399 1310 3463 Abachum
1325 3402 1481 3479 Martyrum
1543 3418 1544 3461 u

272 3488 347 3546 Anio.
364 3487 489 3547 istomm
505 3494 559 3548 est.
578 3485 652 3570 [29].
670 3492 699 3559 t.
716 3489 879 3548 Laetumini.

821 3608 950 3671 Oratio.

272 3709 448 3877 Exitum
469 3704 609 3772 Domine
624 3703 785 3790 populum
806 3717 900 3771 tuum
921 3726 997 3773 cum
1022 3704 1208 3772 sauciorum
1234 3706 1366 3773 tuorum
1391 3717 1485 3791 pauo

377 3801 463 3871 cinio
483 3805 722 3889 supplicuntem
747 3822 754 3867 :
777 3814 813 3871 ut
831 3805 860 3868 ἃ
880 3805 1068 3890 temporilis
1092 3806 1167 3871 vitae
1193 3824 1253 3872 nos
1276 3804 1399 3873 tribuas
1419 3823 1485 3889 pace
1542 3862 1543 3877 ,

271 3902 421 3988 gaudire,
443 3900 617 3969 &aetimae
632 3902 768 3986 reperire
787 3901 984 3969 subsidium.
1007 3905 1064 3969 Per
1082 3902 1276 3970 Dominum.

315 4020 396 4098 Vesp.
412 4022 444 4078 ete
457 4040 524 4098 seq„
539 4038 635 4078 comm.
646 4020 764 4097 praced.
