3159 4792
486 282 619 354 Festa
636 283 853 354 Januarii.
877 283 943 354 18.

192 430 224 510 i.
246 429 295 495 Tu
311 448 346 494 es
364 430 487 495 Petrus.

191 530 228 617 11.
249 529 287 596 Et
306 546 402 612 super
420 529 503 594 hanc
521 536 645 610 petram
664 526 832 594 aedifrcdbo
851 524 1026 594 Eccidsiam
1048 547 1166 593 meam.

472 671 526 732 Ad
540 671 745 749 Magnifica,
761 672 967 748 Antiphona.

306 1087 333 1154 U
378 1105 413 1152 es
436 1095 545 1170 pastor
573 1083 656 1152 dvi·
670 1105 740 1163 um,
769 1085 935 1171 prinzeps
972 1087 1127 1170 Aposto
1153 1084 1285 1163 ld-rum,

139 1492 211 1559 ti-bi
236 1492 388 1558 tridi-tae
428 1502 506 1558 sunt
525 1492 589 1558 cla·
618 1509 674 1558 ves
693 1492 783 1578 regni
817 1489 1059 1558 cae-td-rumAE
1084 1511 1105 1557 u
1136 1512 1156 1558 ο
1185 1512 1300 1559 uae.

651 1617 779 1680 Oratio.

106 1729 265 1896 Diam,
290 1725 348 1808 qui
373 1724 467 1790 bedto
491 1725 583 1792 Petro
611 1722 772 1809 Apdstolo
801 1734 876 1802 tuo,
906 1724 1035 1790 coildtis
1063 1725 1212 1792 cldvibus
1241 1727 1331 1812 regni

218 1822 372 1899 caeidstis,
408 1823 531 1909 ligdndi
568 1833 667 1906 atque
700 1821 849 1889 solvdndi
883 1822 1092 1908 pontificium
1126 1823 1287 1892 tradidisti
1322 1844 1329 1890 :

103 1921 259 2004 concdde3
286 1932 324 1988 ut
347 1919 586 1988 intercessidnis
609 1924 679 2007 ejus
701 1921 844 1999 auxilio,
870 1944 887 1988 a
916 1920 1120 2007 peccatorum
1148 1922 1331 1991 nostrdrum

105 2020 243 2088 nexibus
264 2019 448 2088 iiberdmur.
465 2021 530 2100 Qui
551 2021 684 2088 vivis&
704 2040 832 2106 regnas.
902 2052 905 2057 >

140 2138 247 2196 Deinde
252 2138 293 2214 fit
311 2137 526 2196 commemorato
540 2135 572 2194 S.
589 2135 675 2194 Pauli
690 2141 756 2194 ante
773 2136 844 2194 altos
861 2155 1044 2215 quascumque
1058 2141 1330 2209 commemorationes,

104 2229 185 2286 etiam
214 2227 289 2310 Festi
310 2225 434 2304 Duplicr’s
452 2231 503 2285 aut
522 2225 682 2284 Dominicae.
706 2227 789 2300 Qyod
809 2231 836 2284 et
854 2230 982 2284 servatur
1000 2228 1030 2285 in
1048 2246 1185 2286 commem.
1207 2228 1238 2286 S.
1256 2228 1336 2288 Petri

103 2317 210 2398 quoefit
223 2318 254 2376 ior
267 2316 352 2375 Festis
368 2314 399 2374 S.
416 2315 509 2374 Pauli.

304 2452 372 2512 Pro
385 2467 570 2514 commem.
587 2451 621 2512 S.
639 2451 736 2512 Pauli
750 2452 914 2528 Apostoli,
930 2452 1136 2528 Antiphona.

146 2599 421 2728 &Cr-...3
1275 2669 1294 2710 ι

152 2728 215 2916 S
308 2847 413 2915 Ande
440 2850 536 2915 Paule
578 2847 773 2934 A-pdstoie,
877 2850 1096 2934 praedi-ct-tor
1114 2850 1307 2917 ve-ri-td-tis

153 3241 183 3306 8ι
205 3238 325 3306 ὓοέὶοτ
343 3237 455 3326 ge'ntiff
468 3260 538 3316 um,
570 3237 730 3306 intercide
751 3259 809 3324 pro
838 3240 945 3306 nobis
990 3241 1030 3306 ad
1049 3241 1111 3305 De·
1125 3260 1195 3317 um,
1217 3241 1275 3323 qui

138 3659 170 3714 te
217 3647 358 3735 e-id-git.
407 3651 430 3714 E
459 3668 480 3714 u
508 3669 529 3714 0
557 3668 579 3714 u
607 3669 626 3713 a
658 3669 686 3714 e.

192 3775 224 3854 1.
245 3773 294 3840 Tu
314 3795 348 3840 es
362 3795 419 3842 vas
434 3773 604 3841 eledidnis
622 3773 733 3842 santte
752 3775 849 3840 Paule
868 3773 1037 3858 Apostole.

191 3877 226 3961 ri.
249 3874 437 3941 Praedicdtor
455 3873 597 3940 verititis
617 3875 650 3939 in
671 3873 824 3941 univdrso
844 3874 980 3939 mundo.

656 4008 784 4070 Oratio.

190 4133 258 4193 ευε,
280 4117 338 4199 qui
360 4116 608 4183 multitddinem
628 4114 778 4202 gdntium
799 4115 884 4182 beriti
899 4117 990 4182 Pauli
1012 4115 1161 4199 Apdstoii
1183 4117 1335 4200 praedica-

212 4205 302 4282 tidrre
327 4213 466 4282 docuisti
495 4233 502 4278 :
529 4216 569 4280 da
593 4215 690 4281 nobis
713 4232 928 4298 quaesumus3
953 4225 991 4281 ut
1014 4216 1108 4300 cujus
1130 4234 1333 4284 commemo-

107 4311 262 4380 ratidnem
277 4312 432 4392 cdlimus,
454 4314 525 4401 ejus
543 4315 630 4400 apud
649 4323 680 4380 te
699 4311 877 4398 patrocinia
895 4312 1089 4381 sentiimuS.
