3159 4792
209 245 288 313 454
496 242 628 312 Festa
651 241 932 311 Novembris.
956 244 1001 311 8.
1025 243 1070 312 9.
1094 242 1157 312 10.

760 386 888 447 Oratio.

284 502 411 561 mesre,
433 503 625 567 quaesumus
649 482 859 567 omnipotens
883 482 1003 549 Deus:
1031 495 1067 549 ut
1092 486 1149 567 qui
1173 484 1336 569 gloriosos
1356 486 1445 550 Mirr-

302 596 388 671 tyres
408 585 505 649 sortes
526 585 558 648 in
579 602 637 649 sua
656 580 859 647 consessione
882 580 1118 667 cognovimus,
1141 584 1213 667 pios
1236 586 1322 668 apud
1346 594 1380 650 te
1406 585 1443 649 in

209 694 318 750 nostra
339 680 568 748 intercessione
588 680 779 747 sentiimus.
803 682 859 746 Per
877 678 1071 747 Dominum.

239 882 282 977 8.
423 881 606 976 Octava
640 879 854 975 Omnium
889 879 1188 977 Sanctorum.
1224 882 1411 1006 Duplex.

251 1034 331 1111 resp.
349 1054 366 1091 a
381 1032 511 1111 capetulo
524 1032 556 1089 u
570 1032 702 1109 sequente,
716 1050 813 1089 comm.
825 1032 943 1109 praem
960 1036 988 1089 et
1002 1031 1033 1089 s.
1057 1031 1187 1091 rumori
1198 1033 1345 1111 Martyres.

239 1225 282 1343 9.
311 1224 366 1319 In
392 1222 699 1318 Dedicatione
726 1222 950 1317 Basilieae
979 1222 1057 1318 Ss.
1088 1222 1373 1319 salvatoris,

255 1484 370 1549 Omnia
388 1487 426 1549 ut
442 1484 476 1547 in
496 1482 666 1548 Communi
682 1373 898 1549 Dedicliriiieriis
915 1482 1069 1556 Ecclesr'oe,
1092 1478 1175 1573 [59].

250 1601 331 1657 Orat.
350 1599 437 1665 Deus,
455 1597 504 1674 qui
521 1598 606 1655 nobis
622 1616 673 1675 per
687 1594 834 1676 singulos.
852 1594 927 1678 [631.

249 1707 354 1765 Comm.
371 1707 428 1764 diei
442 1707 552 1765 ouavae
567 1706 650 1762 Omn.
673 1705 846 1763 Sandorum.
864 1704 940 1762 Aria.
953 1706 980 1763 0
991 1724 1093 1781 quam.
1105 1723 1174 1782 452.
1189 1708 1218 1775 i.
1232 1705 1438 1765 Exsuitibunt.
1563 1680 1564 1723 ³

247 1815 352 1873 Deinde
364 1813 393 1875 S.
406 1810 573 1875 Theodori
582 1813 727 1889 Martyris.
741 1812 817 1870 Aria.
830 1814 886 1871 iste
896 1810 1024 1893 sentius.
1037 1810 1112 1894 [14].
1126 1815 1156 1884 r.
1168 1813 1304 1874 Gloria&
1315 1814 1438 1873 honore.

761 1921 889 1984 Oratio.

210 2026 364 2193 Deus,
386 2020 442 2102 qui
465 2037 524 2083 nos
544 2018 628 2084 beiti
648 2016 810 2084 Theodori
831 2018 980 2105 Mirtyris
998 2021 1047 2085 tui
1067 2019 1271 2086 confessione
1296 2018 1440 2105 gloriosa
1563 2030 1564 2033 ’

318 2118 500 2184 circumdas
532 2118 561 2181 ἃ
596 2116 737 2201 protegis
769 2135 775 2181 :
812 2127 927 2201 praesta
962 2118 1058 2185 nobis
1086 2138 1126 2183 ex
1154 2120 1224 2205 ejus
1254 2117 1440 2184 imitatione

206 2215 372 2301 proficere,
394 2216 423 2280 8ι
443 2214 587 2281 oratione
606 2214 725 2281 fulciri.
748 2215 806 2279 Per
825 2213 1019 2284 Dominum.

249 2334 329 2411 Vesp.
346 2352 363 2391 a
378 2331 472 2411 Capit.
490 2334 524 2391 de
536 2334 668 2411 sequenti,
686 2350 782 2389 comm.
793 2333 914 2410 proceri.
930 2338 958 2391 ei
973 2333 1017 2391 Ss.
1036 2334 1196 2410 Martyrum
1210 2338 1243 2391 ut
1255 2334 1342 2409 iufra.

243 2458 316 2617 ro.
416 2522 464 2617 S.
499 2521 705 2617 Andreae
732 2520 937 2723 ADpelilini
963 2520 1279 2612 confessoris.

804 2670 827 2741 p
850 2684 881 2722 x.

757 2772 885 2833 Oratio.

211 2876 370 3043 Deus,
392 2872 449 2954 qui
474 2870 508 2936 in
532 2869 627 2935 corde
650 2868 734 2934 beiti
759 2868 896 2935 Andreae
914 2869 1116 2937 Confessdris
1135 2872 1201 2946 tui,
1223 2890 1279 2954 per
1296 2872 1435 2937 irduum
1563 2890 1564 2947 3

320 2967 467 3051 quotidie
494 2968 527 3032 in
552 2966 729 3033 virtutibus
754 2966 942 3051 proficiendi
970 2979 1097 3044 votum,
1118 2970 1327 3035 admiribiles
1345 2970 1385 3033 ad
1404 2979 1436 3034 te

207 3066 413 3134 ascensiones
439 3062 627 3149 disposuisti
654 3084 662 3130 ε
692 3064 830 3132 concede
855 3066 967 3143 nobis,
996 3066 1099 3151 ipsius
1128 3066 1254 3133 me'ritis
1281 3068 1311 3132 81
1340 3068 1438 3132 inter·
1563 3070 1564 3097 ³

206 3163 367 3241 cessione,
396 3166 439 3229 ita
460 3164 606 3249 ejusdem
633 3162 743 3248 gritiae
768 3163 939 3247 participes
962 3163 1052 3245 fteri3
1078 3176 1115 3231 ut
1139 3163 1326 3249 persediiora
1352 3184 1439 3230 sem-

208 3283 264 3347 per
283 3261 509 3345 exsequentes,
530 3262 571 3326 ad
590 3258 703 3345 gloriae
723 3271 787 3327 tuae
804 3260 972 3348 fastigium
988 3261 1123 3329 feliciter
1137 3263 1362 3348 perducimur.
1380 3263 1438 3327 Per
1563 3346 1564 3349 Ἴ

208 3358 402 3427 Dominum.
828 3370 834 3380 ·

249 3476 354 3534 Comm.
376 3477 501 3534 Dedr'eat.
519 3476 643 3534 Basilica
662 3475 706 3533 Ss.
724 3476 889 3535 salvatoris.
906 3477 981 3535 Aria.
999 3477 1026 3535 Ο
1041 3496 1142 3554 quam.
1161 3472 1236 3558 [⁶3i·
1258 3480 1287 3548 p.
1305 3477 1436 3535 Domum
1563 3482 1564 3521 ἐ

207 3572 301 3625 tuam.
320 3568 402 3623 Orat.
421 3564 508 3633 Deus,
525 3565 574 3640 qui
592 3565 687 3623 nobis.
706 3560 781 3645 [63].

247 3673 344 3731 Postea
368 3673 411 3731 Ss.
433 3673 592 3750 Martpum
616 3670 820 3749 Tryphonis,
842 3671 989 3751 Respicit
1015 3678 1050 3735 et
1075 3672 1245 3753 Nympha.
1266 3675 1343 3732 Aria.
1365 3672 1437 3731 isti>
1563 3672 1564 3743 ζ

208 3782 274 3823 rum
289 3768 344 3821 est.
362 3758 436 3843 [29].
454 3763 483 3831 i.
501 3760 665 3819 Laetdmini.
759 3842 876 3903 oratio
1366 3804 1372 3813 .

287 3960 326 4007 rc
354 3960 429 4016 nos,
460 3957 651 4022 quaesumus
681 3938 838 4016 Domine,
870 3938 1056 4007 samiorum
1090 3942 1268 4028 Mirtyrum
1302 3940 1434 4008 tuorum
1563 3972 1564 4027 r

303 4037 504 4124 Tryphonis,
526 4036 663 4121 Respicii
688 4034 906 4123 &Nymphae
929 4058 1055 4123 semper
1078 4043 1157 4105 festa
1181 4038 1293 4106 setiiri
1320 4058 1328 4103 ι
1354 4058 1437 4121 quo·

209 4157 281 4203 rum
302 4136 464 4221 suffrigiis
483 4133 696 4220 protetiidnis
714 4144 781 4201 tuae
799 4138 883 4201 dona
903 4136 1094 4203 sentiimus.
1117 4139 1173 4203 Per
1191 4136 1384 4203 Dominum.

250 4252 331 4329 Vesp.
347 4271 365 4308 α
380 4251 475 4327 capit.
491 4250 523 4307 de
536 4252 666 4327 sequenti,
684 4268 781 4308 comm.
795 4253 914 4329 praeced.
930 4255 958 4309 et
971 4251 1003 4310 S.
1020 4252 1130 4311 Manna
1143 4253 1289 4333 Martyres.
