3159 4792
264 287 371 382 [208]
529 287 714 360 Litaniae
733 289 791 360 de
812 289 1024 362 omnibus
1044 287 1247 363 Sanctis.

264 435 309 502 Ut
331 432 449 502 cuntio
473 431 595 520 populo
618 433 795 500 christiano
820 453 930 520 pacem
956 435 985 500 δι
1010 435 1168 502 unitatem
1199 432 1336 520 largiri
1379 431 1524 516 digneris.

1104 545 1135 600 te
1155 533 1337 619 rogamus
1359 533 1446 597 audi
1467 553 1522 598 nos.

263 633 307 699 Ut
326 629 546 715 nosmetipsos
565 631 598 697 in
624 641 682 696 tuo
701 629 814 697 sancto
838 629 971 698 servitio
990 633 1167 699 confortare
1187 633 1217 696 ἃ
1240 629 1465 698 conservare
1487 633 1522 694 di-

352 729 475 816 gneris,
1102 741 1133 798 te
1153 731 1329 816 rogamus
1352 729 1440 794 audi
1461 749 1515 794 nos.

264 839 308 905 Ut
328 847 454 903 mentes
475 847 601 902 nostras
618 838 659 902 ad
677 835 818 904 caeiestia
836 836 994 904 desideria
1013 837 1129 923 erigas,
1289 849 1329 902 te
1353 837 1513 921 rogamus.

262 944 306 1010 Ut
324 943 482 1011 omnibus
500 941 759 1010 beneiaCioribus
778 944 899 1012 nostris
919 943 1115 1030 sempitarna
1134 945 1221 1011 bona
1244 943 1443 1020 retribuas,
1541 967 1542 972 ¹

1106 1054 1137 1109 te
1153 1043 1322 1130 rogamus
1346 1044 1433 1108 audi
1454 1062 1502 1107 nos
1548 1125 1549 1128 Ἴ

263 1151 307 1217 Ut
324 1149 451 1216 animas
475 1159 612 1222 nostras,
643 1149 791 1226 fratrum,
825 1148 1085 1234 propinquorum
1110 1152 1139 1217 δι
1167 1147 1438 1216 beheimorum
1466 1169 1509 1214 no

352 1247 494 1314 stratum
514 1248 555 1312 ab
574 1246 693 1313 aterna
711 1246 921 1314 damnatione
941 1247 1069 1334 eripias,
1101 1259 1133 1314 te
1152 1249 1318 1334 rogamus
1338 1249 1425 1314 audi
1448 1267 1504 1312 nos.

264 1347 306 1413 Ut
326 1345 449 1413 fruitus
469 1355 559 1411 terrae
573 1347 648 1411 dare
666 1346 898 1412 &conservare
913 1345 1070 1432 dignaris,
1100 1357 1131 1412 te
1151 1348 1315 1431 rogamus
1337 1349 1423 1412 audi
1445 1366 1502 1411 nos.

264 1447 307 1512 Ut
326 1444 483 1510 omnibus
501 1444 656 1510 fidelibus
674 1442 837 1512 deihntiis
861 1443 1007 1528 re'quiem
1027 1443 1178 1511 aeternam
1199 1445 1330 1511 donare
1351 1445 1500 1530 dignaris.

1101 1555 1133 1608 te
1153 1543 1314 1628 rogamus
1335 1545 1419 1610 audi
1440 1563 1497 1608 nos.

263 1643 307 1709 Ut
327 1661 387 1710 nos
406 1639 558 1707 exaudire
577 1639 733 1726 digneris,
1100 1653 1131 1708 te
1151 1641 1311 1726 rogamus
1332 1643 1416 1708 audi
1438 1663 1495 1707 nos.
1532 1576 1538 1718 i

260 1741 321 1806 Fili
342 1740 412 1815 Dei,
1099 1748 1131 1805 te
1151 1739 1311 1826 rogamus
1332 1743 1415 1808 audi
1436 1761 1493 1806 nos.

273 3014 384 3079 mi-oe.
452 3015 568 3098 Agnus
587 3015 648 3079 De·
672 3014 695 3090 i,
717 3015 774 3096 qui
810 3015 901 3080 tollis
926 3017 1071 3099 pecca-ta
1091 3017 1219 3092 mundi,
1261 3017 1453 3084 mi-se-ra-re

308 3182 327 3224 Ι
410 3172 787 3298 i-=
1167 3178 1178 3235 Ι
1474 3209 1477 3225 1

278 3430 394 3496 nobis.
417 3430 545 3496 Christe
581 3430 656 3495 audi
687 3448 758 3494 nos.
778 3429 905 3496 Christe
951 3432 1164 3498 exaudinos.
1192 3432 1339 3518 Ky·ri-e
1390 3433 1463 3498 ele‘·

1384 3560 1475 3595 ...a

311 3861 407 3926 i-son.
432 3858 559 3925 Christe
608 3859 690 3924 e-ie'-
714 3860 813 3926 i-son.
831 3860 943 3947 Ky-ri-
965 3883 982 3926 e
1138 3861 1218 3928 e-le-
1237 3863 1344 3929 i-son.

257 4012 1469 4244 ssQ

282 4294 387 4358 Pa-ter
407 4305 527 4360 noster.
548 4298 674 4360 secreto.
692 4293 724 4372 i.
741 4294 778 4359 Et
798 4312 838 4358 ne
859 4314 919 4361 nos
953 4293 1100 4363 indii-cas
1127 4297 1161 4369 in
1182 4297 1447 4366 tentati-onem.
