<?xml version="1.0" encoding="UTF-8"?>
<!DOCTYPE html PUBLIC "-//W3C//DTD XHTML 1.0 Transitional//EN"
    "http://www.w3.org/TR/xhtml1/DTD/xhtml1-transitional.dtd">
<html xmlns="http://www.w3.org/1999/xhtml" xml:lang="en" lang="en">
 <head>
  <title>
</title>
<meta http-equiv="Content-Type" content="text/html;charset=utf-8" />
  <meta name='ocr-system' content='tesseract 3.04.00' />
  <meta name='ocr-capabilities' content='ocr_page ocr_carea ocr_par ocr_line ocrx_word'/>
</head>
<body>
  <div class='ocr_page' id='page_1' title='image "./liberantiphonar00ritugoog/liberantiphonar00ritugoog_0149.png"; bbox 0 0 3159 4792; ppageno 0'>
   <div class='ocr_carea' id='block_1_1' title="bbox 442 297 1334 382">
    <p class='ocr_par' dir='ltr' id='par_1_1' title="bbox 442 297 1334 382">
     <span class='ocr_line' id='line_1_1' title="bbox 442 297 1334 382; baseline -0.002 -14"><span class='ocrx_word' id='word_1_1' title='bbox 442 297 567 370; x_wconf 82' lang='lat' dir='ltr'><em>Feria</em></span> <span class='ocrx_word' id='word_1_2' title='bbox 588 297 763 382; x_wconf 81' lang='lat' dir='ltr'><em>Quarta</em></span> <span class='ocrx_word' id='word_1_3' title='bbox 782 297 1011 370; x_wconf 78' lang='lat' dir='ltr'><em>cinerum.</em></span> <span class='ocrx_word' id='word_1_4' title='bbox 1260 298 1334 367; x_wconf 79' lang='lat'><em>125</em></span> 
     </span>
    </p>
   </div>
   <div class='ocr_carea' id='block_1_2' title="bbox 158 477 1057 671">
    <p class='ocr_par' dir='ltr' id='par_1_2' title="bbox 158 477 1057 671">
     <span class='ocr_line' id='line_1_2' title="bbox 158 477 1057 671; baseline 0 -67"><span class='ocrx_word' id='word_1_5' title='bbox 158 477 1057 671; x_wconf 56' lang='grc' dir='ltr'><strong>,ππ-ξ</strong></span> 
     </span>
    </p>
   </div>
   <div class='ocr_carea' id='block_1_3' title="bbox 148 740 1280 829">
    <p class='ocr_par' dir='ltr' id='par_1_3' title="bbox 148 740 1280 829">
     <span class='ocr_line' id='line_1_3' title="bbox 148 740 1280 829; baseline -0.002 -20"><span class='ocrx_word' id='word_1_6' title='bbox 148 743 282 809; x_wconf 58' lang='lat' dir='ltr'><em>ciret:</em></span> <span class='ocrx_word' id='word_1_7' title='bbox 324 744 392 826; x_wconf 86' lang='lat' dir='ltr'><em>ipse</em></span> <span class='ocrx_word' id='word_1_8' title='bbox 425 763 479 811; x_wconf 85' lang='lat' dir='ltr'><em>ve·</em></span> <span class='ocrx_word' id='word_1_9' title='bbox 517 763 551 810; x_wconf 84' lang='lat' dir='ltr'><em>ro</em></span> <span class='ocrx_word' id='word_1_10' title='bbox 580 747 698 810; x_wconf 82' lang='lat' dir='ltr'><em>mul-to</em></span> <span class='ocrx_word' id='word_1_11' title='bbox 723 745 840 829; x_wconf 66' lang='lat' dir='ltr'><em>nia-gis</em></span> <span class='ocrx_word' id='word_1_12' title='bbox 858 743 1058 809; x_wconf 79' lang='lat' dir='ltr'><em>clami-bat:</em></span> <span class='ocrx_word' id='word_1_13' title='bbox 1085 740 1280 810; x_wconf 60' lang='lat' dir='ltr'><em>Miseni-re</em></span> 
     </span>
    </p>
   </div>
   <div class='ocr_carea' id='block_1_4' title="bbox 108 895 1337 1104">
    <p class='ocr_par' dir='ltr' id='par_1_4' title="bbox 108 895 1337 1104">
     <span class='ocr_line' id='line_1_4' title="bbox 108 895 1337 1104; baseline 0.001 -1"><span class='ocrx_word' id='word_1_14' title='bbox 108 895 1337 1104; x_wconf 38' lang='lat' dir='ltr'>Q</span> 
     </span>
    </p>
   </div>
   <div class='ocr_carea' id='block_1_5' title="bbox 123 1169 482 1246">
    <p class='ocr_par' dir='ltr' id='par_1_5' title="bbox 123 1169 482 1246">
     <span class='ocr_line' id='line_1_5' title="bbox 123 1169 482 1246; baseline 0 -12"><span class='ocrx_word' id='word_1_15' title='bbox 123 1189 190 1234; x_wconf 88' lang='lat' dir='ltr'><em>me·</em></span> <span class='ocrx_word' id='word_1_16' title='bbox 207 1169 229 1246; x_wconf 88' lang='lat' dir='ltr'><em>i,</em></span> <span class='ocrx_word' id='word_1_17' title='bbox 252 1169 331 1234; x_wconf 86' lang='lat' dir='ltr'><em>Fi-li</em></span> <span class='ocrx_word' id='word_1_18' title='bbox 357 1169 482 1237; x_wconf 82' lang='lat' dir='ltr'><em>Da-vid.</em></span> 
     </span>
    </p>
   </div>
   <div class='ocr_carea' id='block_1_6' title="bbox 551 1314 895 1412">
    <p class='ocr_par' dir='ltr' id='par_1_6' title="bbox 551 1314 895 1412">
     <span class='ocr_line' id='line_1_6' title="bbox 551 1314 895 1412; baseline 0 -2"><span class='ocrx_word' id='word_1_19' title='bbox 551 1314 691 1410; x_wconf 86' lang='lat' dir='ltr'><em>Feria</em></span> <span class='ocrx_word' id='word_1_20' title='bbox 723 1314 895 1412; x_wconf 84' lang='lat' dir='ltr'><em>Tertia.</em></span> 
     </span>
    </p>
   </div>
   <div class='ocr_carea' id='block_1_7' title="bbox 122 1575 676 1850">
    <p class='ocr_par' dir='ltr' id='par_1_7' title="bbox 122 1575 676 1850">
     <span class='ocr_line' id='line_1_7' title="bbox 122 1575 307 1637; baseline -0.005 0"><span class='ocrx_word' id='word_1_21' title='bbox 122 1575 307 1637; x_wconf 79' lang='lat' dir='ltr'>Afia.8.G</span> 
     </span>
     <span class='ocr_line' id='line_1_8' title="bbox 193 1668 676 1850; baseline -0.004 -137"><span class='ocrx_word' id='word_1_22' title='bbox 193 1685 295 1850; x_wconf 88' lang='lat' dir='ltr'>M</span> <span class='ocrx_word' id='word_1_23' title='bbox 388 1668 457 1713; x_wconf 85' lang='grc' dir='ltr'><em>ΙΙ</em></span> <span class='ocrx_word' id='word_1_24' title='bbox 609 1669 676 1711; x_wconf 89' lang='grc' dir='ltr'><em>ΙΙ</em></span> 
     </span>
    </p>
   </div>
   <div class='ocr_carea' id='block_1_8' title="bbox 392 1783 1329 1864">
    <p class='ocr_par' dir='ltr' id='par_1_8' title="bbox 392 1783 1329 1864">
     <span class='ocr_line' id='line_1_9' title="bbox 392 1783 1329 1864; baseline 0.001 -14"><span class='ocrx_word' id='word_1_25' title='bbox 392 1783 642 1852; x_wconf 76' lang='lat' dir='ltr'><em>l-se-ri-rerne-</em></span> <span class='ocrx_word' id='word_1_26' title='bbox 664 1787 685 1863; x_wconf 91' lang='lat' dir='ltr'><em>i,</em></span> <span class='ocrx_word' id='word_1_27' title='bbox 739 1787 818 1851; x_wconf 87' lang='lat' dir='ltr'><em>Fi-li</em></span> <span class='ocrx_word' id='word_1_28' title='bbox 853 1787 915 1851; x_wconf 84' lang='lat' dir='ltr'><em>Da·</em></span> <span class='ocrx_word' id='word_1_29' title='bbox 938 1786 1005 1851; x_wconf 89' lang='lat' dir='ltr'><em>vid.</em></span> <span class='ocrx_word' id='word_1_30' title='bbox 1027 1786 1187 1864; x_wconf 82' lang='lat' dir='ltr'><strong>Quidvis</strong></span> <span class='ocrx_word' id='word_1_31' title='bbox 1225 1796 1261 1852; x_wconf 86' lang='lat' dir='ltr'><em>ut</em></span> <span class='ocrx_word' id='word_1_32' title='bbox 1284 1785 1329 1851; x_wconf 63' lang='lat' dir='ltr'><em>ri-</em></span> 
     </span>
    </p>
   </div>
   <div class='ocr_carea' id='block_1_9' title="bbox 106 2011 945 2138">
    <p class='ocr_par' dir='ltr' id='par_1_9' title="bbox 106 2011 945 2138">
     <span class='ocr_line' id='line_1_10' title="bbox 106 2011 945 2138; baseline -0.008 -58"><span class='ocrx_word' id='word_1_33' title='bbox 106 2011 945 2138; x_wconf 60' lang='grc' dir='ltr'><em>-Μ-ΙΙ,-1</em></span> 
     </span>
    </p>
   </div>
   <div class='ocr_carea' id='block_1_10' title="bbox 139 2212 948 2288">
    <p class='ocr_par' dir='ltr' id='par_1_10' title="bbox 139 2212 948 2288">
     <span class='ocr_line' id='line_1_11' title="bbox 139 2212 948 2288; baseline 0 -10"><span class='ocrx_word' id='word_1_34' title='bbox 139 2213 184 2278; x_wconf 91' lang='lat' dir='ltr'><em>ci·</em></span> <span class='ocrx_word' id='word_1_35' title='bbox 202 2232 256 2278; x_wconf 84' lang='lat' dir='ltr'><em>am</em></span> <span class='ocrx_word' id='word_1_36' title='bbox 277 2213 316 2279; x_wconf 89' lang='lat' dir='ltr'><em>ti·</em></span> <span class='ocrx_word' id='word_1_37' title='bbox 332 2212 390 2278; x_wconf 90' lang='lat' dir='ltr'><em>bi?</em></span> <span class='ocrx_word' id='word_1_38' title='bbox 479 2212 651 2288; x_wconf 73' lang='lat' dir='ltr'><em>Domi-ne,</em></span> <span class='ocrx_word' id='word_1_39' title='bbox 709 2225 745 2280; x_wconf 86' lang='lat' dir='ltr'><em>ut</em></span> <span class='ocrx_word' id='word_1_40' title='bbox 765 2213 864 2281; x_wconf 71' lang='lat' dir='ltr'><em>vioe·</em></span> <span class='ocrx_word' id='word_1_41' title='bbox 883 2235 948 2279; x_wconf 86' lang='lat' dir='ltr'><em>am.</em></span> 
     </span>
    </p>
   </div>
   <div class='ocr_carea' id='block_1_11' title="bbox 414 2404 1032 2501">
    <p class='ocr_par' dir='ltr' id='par_1_11' title="bbox 414 2404 1032 2501">
     <span class='ocr_line' id='line_1_12' title="bbox 414 2404 1032 2501; baseline -0.002 -1"><span class='ocrx_word' id='word_1_42' title='bbox 414 2405 555 2501; x_wconf 86' lang='lat' dir='ltr'><em>Feria</em></span> <span class='ocrx_word' id='word_1_43' title='bbox 588 2404 767 2500; x_wconf 77' lang='lat' dir='ltr'><em>Quarta</em></span> <span class='ocrx_word' id='word_1_44' title='bbox 801 2404 1032 2501; x_wconf 80' lang='lat' dir='ltr'><em>cinerum.</em></span> 
     </span>
    </p>
   </div>
   <div class='ocr_carea' id='block_1_12' title="bbox 103 2600 1340 3279">
    <p class='ocr_par' dir='ltr' id='par_1_12' title="bbox 103 2600 1340 3279">
     <span class='ocr_line' id='line_1_13' title="bbox 152 2600 1339 2688; baseline -0.001 -22"><span class='ocrx_word' id='word_1_45' title='bbox 152 2601 192 2667; x_wconf 88' lang='lat' dir='ltr'><em>Si</em></span> <span class='ocrx_word' id='word_1_46' title='bbox 209 2601 266 2666; x_wconf 87' lang='lat' dir='ltr'><em>hac</em></span> <span class='ocrx_word' id='word_1_47' title='bbox 288 2601 349 2674; x_wconf 82' lang='lat' dir='ltr'><em>die,</em></span> <span class='ocrx_word' id='word_1_48' title='bbox 375 2601 460 2666; x_wconf 91' lang='lat' dir='ltr'><em>etin</em></span> <span class='ocrx_word' id='word_1_49' title='bbox 484 2602 658 2667; x_wconf 82' lang='lat' dir='ltr'><strong><em>Dominicis</em></strong></span> <span class='ocrx_word' id='word_1_50' title='bbox 683 2604 938 2688; x_wconf 66' lang='lat' dir='ltr'><em>Quadragesima</em></span> <span class='ocrx_word' id='word_1_51' title='bbox 961 2606 1107 2668; x_wconf 89' lang='lat' dir='ltr'><em>occnrrat</em></span> <span class='ocrx_word' id='word_1_52' title='bbox 1127 2600 1250 2666; x_wconf 83' lang='lat' dir='ltr'><em>Festum</em></span> <span class='ocrx_word' id='word_1_53' title='bbox 1269 2601 1339 2665; x_wconf 87' lang='lat' dir='ltr'><em>Du·</em></span> 
     </span>
     <span class='ocr_line' id='line_1_14' title="bbox 103 2698 1339 2788; baseline -0.002 -24"><span class='ocrx_word' id='word_1_54' title='bbox 103 2703 180 2781; x_wconf 81' lang='lat' dir='ltr'><em>ptex</em></span> <span class='ocrx_word' id='word_1_55' title='bbox 199 2719 240 2763; x_wconf 85' lang='lat' dir='ltr'><em>ex</em></span> <span class='ocrx_word' id='word_1_56' title='bbox 258 2699 428 2788; x_wconf 77' lang='lat' dir='ltr'><em>majoribus</em></span> <span class='ocrx_word' id='word_1_57' title='bbox 445 2703 497 2766; x_wconf 88' lang='lat' dir='ltr'><em>oet</em></span> <span class='ocrx_word' id='word_1_58' title='bbox 517 2701 651 2788; x_wconf 86' lang='lat' dir='ltr'><em>alicujus</em></span> <span class='ocrx_word' id='word_1_59' title='bbox 674 2700 819 2766; x_wconf 83' lang='lat' dir='ltr'><em>Dottorr‘s</em></span> <span class='ocrx_word' id='word_1_60' title='bbox 841 2701 999 2775; x_wconf 79' lang='lat' dir='ltr'><em>Ecclesia,</em></span> <span class='ocrx_word' id='word_1_61' title='bbox 1021 2703 1212 2786; x_wconf 82' lang='lat' dir='ltr'><em>transfertur</em></span> <span class='ocrx_word' id='word_1_62' title='bbox 1235 2698 1269 2762; x_wconf 90' lang='lat' dir='ltr'><em>in</em></span> <span class='ocrx_word' id='word_1_63' title='bbox 1292 2719 1339 2763; x_wconf 85' lang='lat' dir='ltr'><em>se-</em></span> 
     </span>
     <span class='ocr_line' id='line_1_15' title="bbox 104 2798 1339 2883; baseline -0.001 -21"><span class='ocrx_word' id='word_1_64' title='bbox 104 2801 251 2883; x_wconf 73' lang='lat' dir='ltr'><em>quentem</em></span> <span class='ocrx_word' id='word_1_65' title='bbox 268 2799 350 2862; x_wconf 83' lang='lat' dir='ltr'><em>diem</em></span> <span class='ocrx_word' id='word_1_66' title='bbox 369 2799 499 2879; x_wconf 73' lang='lat' dir='ltr'><em>Duplici</em></span> <span class='ocrx_word' id='word_1_67' title='bbox 515 2802 568 2864; x_wconf 88' lang='lat' dir='ltr'><em>vet</em></span> <span class='ocrx_word' id='word_1_68' title='bbox 583 2799 787 2880; x_wconf 83' lang='lat' dir='ltr'><em>Semiduptici</em></span> <span class='ocrx_word' id='word_1_69' title='bbox 804 2819 867 2865; x_wconf 87' lang='lat' dir='ltr'><em>non</em></span> <span class='ocrx_word' id='word_1_70' title='bbox 886 2799 1075 2881; x_wconf 82' lang='lat' dir='ltr'><em>impeditam.</em></span> <span class='ocrx_word' id='word_1_71' title='bbox 1092 2798 1141 2862; x_wconf 87' lang='lat' dir='ltr'><em>De</em></span> <span class='ocrx_word' id='word_1_72' title='bbox 1154 2798 1339 2880; x_wconf 79' lang='lat' dir='ltr'><em>Duplicitns</em></span> 
     </span>
     <span class='ocr_line' id='line_1_16' title="bbox 106 2895 1340 2980; baseline 0 -19"><span class='ocrx_word' id='word_1_73' title='bbox 106 2916 182 2961; x_wconf 82' lang='lat' dir='ltr'><em>vero</em></span> <span class='ocrx_word' id='word_1_74' title='bbox 201 2896 374 2961; x_wconf 85' lang='lat' dir='ltr'><em>minoribus</em></span> <span class='ocrx_word' id='word_1_75' title='bbox 397 2900 449 2961; x_wconf 87' lang='lat' dir='ltr'><em>oet</em></span> <span class='ocrx_word' id='word_1_76' title='bbox 470 2897 641 2979; x_wconf 78' lang='lat' dir='ltr'><em>Semidupl.</em></span> <span class='ocrx_word' id='word_1_77' title='bbox 666 2899 707 2978; x_wconf 79' lang='lat' dir='ltr'><em>fit</em></span> <span class='ocrx_word' id='word_1_78' title='bbox 728 2903 852 2965; x_wconf 89' lang='lat' dir='ltr'><em>tantum</em></span> <span class='ocrx_word' id='word_1_79' title='bbox 872 2897 1121 2964; x_wconf 82' lang='lat' dir='ltr'><em>commemoratio</em></span> <span class='ocrx_word' id='word_1_80' title='bbox 1143 2895 1177 2960; x_wconf 90' lang='lat' dir='ltr'><em>in</em></span> <span class='ocrx_word' id='word_1_81' title='bbox 1200 2897 1340 2980; x_wconf 85' lang='lat' dir='ltr'><em>utrisque</em></span> 
     </span>
     <span class='ocr_line' id='line_1_17' title="bbox 108 2993 1340 3084; baseline 0.002 -26"><span class='ocrx_word' id='word_1_82' title='bbox 108 2993 268 3076; x_wconf 84' lang='lat' dir='ltr'><em>Vespcris.</em></span> <span class='ocrx_word' id='word_1_83' title='bbox 289 2995 374 3060; x_wconf 83' lang='lat' dir='ltr'><em>Aliis</em></span> <span class='ocrx_word' id='word_1_84' title='bbox 397 2997 504 3061; x_wconf 84' lang='lat' dir='ltr'><em>diebus</em></span> <span class='ocrx_word' id='word_1_85' title='bbox 528 2997 784 3083; x_wconf 67' lang='lat' dir='ltr'><em>Quadragesima</em></span> <span class='ocrx_word' id='word_1_86' title='bbox 807 3017 903 3082; x_wconf 86' lang='lat' dir='ltr'><em>nsque</em></span> <span class='ocrx_word' id='word_1_87' title='bbox 924 3001 968 3061; x_wconf 86' lang='lat' dir='ltr'><em>ad</em></span> <span class='ocrx_word' id='word_1_88' title='bbox 989 2997 1143 3084; x_wconf 72' lang='lat' dir='ltr'><em>Maiorem</em></span> <span class='ocrx_word' id='word_1_89' title='bbox 1166 2993 1340 3060; x_wconf 82' lang='lat' dir='ltr'><em>Hebdoma-</em></span> 
     </span>
     <span class='ocr_line' id='line_1_18' title="bbox 105 3094 1340 3178; baseline 0 -19"><span class='ocrx_word' id='word_1_90' title='bbox 105 3097 195 3167; x_wconf 81' lang='lat' dir='ltr'><em>dam,</em></span> <span class='ocrx_word' id='word_1_91' title='bbox 212 3094 242 3157; x_wconf 85' lang='lat' dir='ltr'><em>si</em></span> <span class='ocrx_word' id='word_1_92' title='bbox 258 3097 404 3159; x_wconf 91' lang='lat' dir='ltr'><em>occurrat</em></span> <span class='ocrx_word' id='word_1_93' title='bbox 420 3095 543 3161; x_wconf 86' lang='lat' dir='ltr'><em>Festum</em></span> <span class='ocrx_word' id='word_1_94' title='bbox 562 3095 687 3177; x_wconf 76' lang='lat' dir='ltr'><em>Duplex</em></span> <span class='ocrx_word' id='word_1_95' title='bbox 705 3098 757 3160; x_wconf 87' lang='lat' dir='ltr'><em>oet</em></span> <span class='ocrx_word' id='word_1_96' title='bbox 774 3094 985 3178; x_wconf 80' lang='lat' dir='ltr'><em>Semiaaplex,</em></span> <span class='ocrx_word' id='word_1_97' title='bbox 1001 3097 1043 3176; x_wconf 80' lang='lat' dir='ltr'><em>fit</em></span> <span class='ocrx_word' id='word_1_98' title='bbox 1058 3099 1096 3160; x_wconf 86' lang='lat' dir='ltr'><em>de</em></span> <span class='ocrx_word' id='word_1_99' title='bbox 1114 3114 1148 3161; x_wconf 91' lang='lat' dir='ltr'><em>eo</em></span> <span class='ocrx_word' id='word_1_100' title='bbox 1167 3114 1236 3160; x_wconf 90' lang='lat' dir='ltr'><em>cnm</em></span> <span class='ocrx_word' id='word_1_101' title='bbox 1258 3113 1340 3160; x_wconf 84' lang='lat' dir='ltr'><em>corn-</em></span> 
     </span>
     <span class='ocr_line' id='line_1_19' title="bbox 105 3192 1161 3279; baseline 0 -21"><span class='ocrx_word' id='word_1_102' title='bbox 105 3192 330 3258; x_wconf 78' lang='lat' dir='ltr'><em>memoratione</em></span> <span class='ocrx_word' id='word_1_103' title='bbox 347 3192 458 3258; x_wconf 84' lang='lat' dir='ltr'><em>Faria.</em></span> <span class='ocrx_word' id='word_1_104' title='bbox 479 3194 528 3258; x_wconf 89' lang='lat' dir='ltr'><em>De</em></span> <span class='ocrx_word' id='word_1_105' title='bbox 546 3194 689 3275; x_wconf 80' lang='lat' dir='ltr'><em>Simplici</em></span> <span class='ocrx_word' id='word_1_106' title='bbox 698 3195 746 3279; x_wconf 85' lang='lat' dir='ltr'><em>fit</em></span> <span class='ocrx_word' id='word_1_107' title='bbox 762 3199 885 3261; x_wconf 88' lang='lat' dir='ltr'><em>tantum</em></span> <span class='ocrx_word' id='word_1_108' title='bbox 902 3195 1161 3260; x_wconf 82' lang='lat' dir='ltr'><em>commemoratio.</em></span> 
     </span>
    </p>
   </div>
   <div class='ocr_carea' id='block_1_13' title="bbox 105 3334 1339 3518">
    <p class='ocr_par' dir='ltr' id='par_1_13' title="bbox 105 3334 1339 3518">
     <span class='ocr_line' id='line_1_20' title="bbox 152 3334 1339 3425; baseline -0.001 -25"><span class='ocrx_word' id='word_1_109' title='bbox 152 3336 217 3400; x_wconf 86' lang='lat' dir='ltr'><em>Per</em></span> <span class='ocrx_word' id='word_1_110' title='bbox 236 3339 332 3400; x_wconf 91' lang='lat' dir='ltr'><em>totam</em></span> <span class='ocrx_word' id='word_1_111' title='bbox 352 3335 631 3421; x_wconf 72' lang='lat' dir='ltr'><em>Qcadragesimam</em></span> <span class='ocrx_word' id='word_1_112' title='bbox 650 3338 683 3402; x_wconf 91' lang='lat' dir='ltr'><em>in</em></span> <span class='ocrx_word' id='word_1_113' title='bbox 693 3339 811 3425; x_wconf 82' lang='lat' dir='ltr'><em>feriati</em></span> <span class='ocrx_word' id='word_1_114' title='bbox 828 3337 937 3424; x_wconf 83' lang='lat' dir='ltr'><em>Officio</em></span> <span class='ocrx_word' id='word_1_115' title='bbox 956 3338 1055 3403; x_wconf 70' lang='lat' dir='ltr'><em>feria</em></span> <span class='ocrx_word' id='word_1_116' title='bbox 1070 3337 1109 3402; x_wconf 90' lang='grc' dir='ltr'><em>ΙΙ.</em></span> <span class='ocrx_word' id='word_1_117' title='bbox 1126 3335 1244 3402; x_wconf 88' lang='lat' dir='ltr'><em>dicitur</em></span> <span class='ocrx_word' id='word_1_118' title='bbox 1264 3334 1339 3421; x_wconf 83' lang='lat' dir='ltr'><em>Offi-</em></span> 
     </span>
     <span class='ocr_line' id='line_1_21' title="bbox 105 3435 445 3518; baseline -0.006 -18"><span class='ocrx_word' id='word_1_119' title='bbox 105 3436 192 3500; x_wconf 83' lang='lat' dir='ltr'><em>cium</em></span> <span class='ocrx_word' id='word_1_120' title='bbox 211 3435 445 3518; x_wconf 74' lang='lat' dir='ltr'><em>Definnttorum.</em></span> 
     </span>
    </p>
   </div>
   <div class='ocr_carea' id='block_1_14' title="bbox 104 3577 1341 3958">
    <p class='ocr_par' dir='ltr' id='par_1_14' title="bbox 104 3577 1341 3958">
     <span class='ocr_line' id='line_1_22' title="bbox 151 3577 1337 3666; baseline 0.001 -24"><span class='ocrx_word' id='word_1_121' title='bbox 151 3579 189 3642; x_wconf 85' lang='lat' dir='ltr'><em>tn</em></span> <span class='ocrx_word' id='word_1_122' title='bbox 208 3577 265 3642; x_wconf 85' lang='lat' dir='ltr'><em>hac</em></span> <span class='ocrx_word' id='word_1_123' title='bbox 283 3582 315 3642; x_wconf 89' lang='lat' dir='ltr'><em>et</em></span> <span class='ocrx_word' id='word_1_124' title='bbox 329 3579 525 3662; x_wconf 81' lang='lat' dir='ltr'><em>sequentibus</em></span> <span class='ocrx_word' id='word_1_125' title='bbox 544 3580 643 3646; x_wconf 83' lang='lat' dir='ltr'><em>Feriis</em></span> <span class='ocrx_word' id='word_1_126' title='bbox 662 3600 758 3666; x_wconf 87' lang='lat' dir='ltr'><em>usque</em></span> <span class='ocrx_word' id='word_1_127' title='bbox 775 3585 820 3647; x_wconf 87' lang='lat' dir='ltr'><em>ad</em></span> <span class='ocrx_word' id='word_1_128' title='bbox 837 3582 990 3662; x_wconf 75' lang='lat' dir='ltr'><em>Vesperas</em></span> <span class='ocrx_word' id='word_1_129' title='bbox 1008 3579 1150 3653; x_wconf 80' lang='lat' dir='ltr'><em>Sabbati,</em></span> <span class='ocrx_word' id='word_1_130' title='bbox 1174 3577 1337 3660; x_wconf 84' lang='lat' dir='ltr'><em>Capituta,</em></span> 
     </span>
     <span class='ocr_line' id='line_1_23' title="bbox 104 3676 1341 3760; baseline 0.001 -19"><span class='ocrx_word' id='word_1_131' title='bbox 104 3676 230 3757; x_wconf 81' lang='lat' dir='ltr'><em>Hymni</em></span> <span class='ocrx_word' id='word_1_132' title='bbox 246 3679 277 3740; x_wconf 92' lang='lat' dir='ltr'><em>et</em></span> <span class='ocrx_word' id='word_1_133' title='bbox 299 3677 363 3740; x_wconf 89' lang='lat' dir='ltr'><em>ntia</em></span> <span class='ocrx_word' id='word_1_134' title='bbox 387 3679 492 3742; x_wconf 88' lang='lat' dir='ltr'><em>omnia</em></span> <span class='ocrx_word' id='word_1_135' title='bbox 515 3679 664 3745; x_wconf 78' lang='lat' dir='ltr'><em>dicuntur</em></span> <span class='ocrx_word' id='word_1_136' title='bbox 687 3681 780 3745; x_wconf 92' lang='lat' dir='ltr'><em>utin</em></span> <span class='ocrx_word' id='word_1_137' title='bbox 803 3680 958 3745; x_wconf 83' lang='lat' dir='ltr'><em>Psatterio</em></span> <span class='ocrx_word' id='word_1_138' title='bbox 977 3686 1035 3760; x_wconf 84' lang='lat' dir='ltr'><em>per</em></span> <span class='ocrx_word' id='word_1_139' title='bbox 1058 3698 1193 3751; x_wconf 90' lang='lat' dir='ltr'><em>annum,</em></span> <span class='ocrx_word' id='word_1_140' title='bbox 1214 3682 1341 3760; x_wconf 79' lang='lat' dir='ltr'><em>excepta</em></span> 
     </span>
     <span class='ocr_line' id='line_1_24' title="bbox 104 3775 1339 3862; baseline 0.001 -21"><span class='ocrx_word' id='word_1_141' title='bbox 104 3775 291 3856; x_wconf 82' lang='lat' dir='ltr'><em>Antiphane</em></span> <span class='ocrx_word' id='word_1_142' title='bbox 308 3779 353 3838; x_wconf 83' lang='lat' dir='ltr'><em>ad</em></span> <span class='ocrx_word' id='word_1_143' title='bbox 369 3776 567 3862; x_wconf 82' lang='lat' dir='ltr'><em>Magnificat,</em></span> <span class='ocrx_word' id='word_1_144' title='bbox 584 3782 616 3842; x_wconf 87' lang='lat' dir='ltr'><em>et</em></span> <span class='ocrx_word' id='word_1_145' title='bbox 629 3783 701 3860; x_wconf 76' lang='lat' dir='ltr'><em>post</em></span> <span class='ocrx_word' id='word_1_146' title='bbox 714 3778 867 3860; x_wconf 80' lang='lat' dir='ltr'><em>Vesperas</em></span> <span class='ocrx_word' id='word_1_147' title='bbox 884 3783 917 3843; x_wconf 91' lang='lat' dir='ltr'><em>et</em></span> <span class='ocrx_word' id='word_1_148' title='bbox 930 3778 1176 3860; x_wconf 76' lang='lat' dir='ltr'><em>Complatorium</em></span> <span class='ocrx_word' id='word_1_149' title='bbox 1189 3778 1339 3844; x_wconf 82' lang='lat' dir='ltr'><em>dicuntur</em></span> 
     </span>
     <span class='ocr_line' id='line_1_25' title="bbox 104 3873 786 3958; baseline 0.003 -19"><span class='ocrx_word' id='word_1_150' title='bbox 104 3874 220 3939; x_wconf 80' lang='lat' dir='ltr'><em>Preces</em></span> <span class='ocrx_word' id='word_1_151' title='bbox 232 3873 331 3958; x_wconf 87' lang='lat' dir='ltr'><em>flexis</em></span> <span class='ocrx_word' id='word_1_152' title='bbox 347 3875 490 3958; x_wconf 81' lang='lat' dir='ltr'><em>genibus,</em></span> <span class='ocrx_word' id='word_1_153' title='bbox 513 3877 599 3941; x_wconf 88' lang='lat' dir='ltr'><em>utin</em></span> <span class='ocrx_word' id='word_1_154' title='bbox 618 3877 786 3943; x_wconf 86' lang='lat' dir='ltr'><em>Psatterio.</em></span> 
     </span>
    </p>
   </div>
   <div class='ocr_carea' id='block_1_15' title="bbox 106 4017 1340 4397">
    <p class='ocr_par' dir='ltr' id='par_1_15' title="bbox 106 4017 1340 4397">
     <span class='ocr_line' id='line_1_26' title="bbox 151 4017 1340 4104; baseline 0.001 -23"><span class='ocrx_word' id='word_1_155' title='bbox 151 4017 255 4082; x_wconf 85' lang='lat' dir='ltr'><em>Hodie</em></span> <span class='ocrx_word' id='word_1_156' title='bbox 277 4020 311 4080; x_wconf 87' lang='lat' dir='ltr'><em>et</em></span> <span class='ocrx_word' id='word_1_157' title='bbox 330 4018 451 4084; x_wconf 84' lang='lat' dir='ltr'><em>duobus</em></span> <span class='ocrx_word' id='word_1_158' title='bbox 473 4022 668 4104; x_wconf 83' lang='lat' dir='ltr'><em>sequentibus</em></span> <span class='ocrx_word' id='word_1_159' title='bbox 690 4021 799 4087; x_wconf 82' lang='lat' dir='ltr'><em>diebus</em></span> <span class='ocrx_word' id='word_1_160' title='bbox 822 4021 972 4087; x_wconf 87' lang='lat' dir='ltr'><em>dicuntur</em></span> <span class='ocrx_word' id='word_1_161' title='bbox 996 4022 1140 4103; x_wconf 82' lang='lat' dir='ltr'><em>Vespera</em></span> <span class='ocrx_word' id='word_1_162' title='bbox 1163 4022 1241 4086; x_wconf 83' lang='lat' dir='ltr'><em>tora</em></span> <span class='ocrx_word' id='word_1_163' title='bbox 1266 4039 1340 4083; x_wconf 90' lang='lat' dir='ltr'><em>con-</em></span> 
     </span>
     <span class='ocr_line' id='line_1_27' title="bbox 106 4114 1340 4204; baseline -0.001 -23"><span class='ocrx_word' id='word_1_164' title='bbox 106 4120 208 4181; x_wconf 85' lang='lat' dir='ltr'><em>sueta.</em></span> <span class='ocrx_word' id='word_1_165' title='bbox 231 4114 368 4180; x_wconf 81' lang='lat' dir='ltr'><em>Sabbata</em></span> <span class='ocrx_word' id='word_1_166' title='bbox 385 4137 475 4192; x_wconf 85' lang='lat' dir='ltr'><em>vero,</em></span> <span class='ocrx_word' id='word_1_167' title='bbox 496 4122 529 4183; x_wconf 87' lang='lat' dir='ltr'><em>et</em></span> <span class='ocrx_word' id='word_1_168' title='bbox 544 4120 685 4201; x_wconf 75' lang='lat' dir='ltr'><em>deinceps</em></span> <span class='ocrx_word' id='word_1_169' title='bbox 703 4139 800 4204; x_wconf 83' lang='lat' dir='ltr'><em>usque</em></span> <span class='ocrx_word' id='word_1_170' title='bbox 818 4124 863 4186; x_wconf 82' lang='lat' dir='ltr'><em>aa</em></span> <span class='ocrx_word' id='word_1_171' title='bbox 879 4121 1009 4194; x_wconf 82' lang='lat' dir='ltr'><em>Pascha,</em></span> <span class='ocrx_word' id='word_1_172' title='bbox 1029 4121 1181 4186; x_wconf 83' lang='lat' dir='ltr'><em>dicuntur</em></span> <span class='ocrx_word' id='word_1_173' title='bbox 1198 4122 1272 4183; x_wconf 88' lang='lat' dir='ltr'><em>ante</em></span> <span class='ocrx_word' id='word_1_174' title='bbox 1289 4137 1340 4181; x_wconf 76' lang='lat' dir='ltr'><em>co</em></span> 
     </span>
     <span class='ocr_line' id='line_1_28' title="bbox 106 4213 1339 4302; baseline 0.001 -23"><span class='ocrx_word' id='word_1_175' title='bbox 106 4213 305 4286; x_wconf 74' lang='lat' dir='ltr'><em>mestunem,</em></span> <span class='ocrx_word' id='word_1_176' title='bbox 331 4217 394 4278; x_wconf 91' lang='lat' dir='ltr'><em>tam</em></span> <span class='ocrx_word' id='word_1_177' title='bbox 422 4215 456 4280; x_wconf 85' lang='lat' dir='ltr'><em>in</em></span> <span class='ocrx_word' id='word_1_178' title='bbox 483 4216 597 4292; x_wconf 80' lang='lat' dir='ltr'><em>Fastis,</em></span> <span class='ocrx_word' id='word_1_179' title='bbox 621 4238 715 4302; x_wconf 80' lang='lat' dir='ltr'><em>quam</em></span> <span class='ocrx_word' id='word_1_180' title='bbox 739 4221 772 4284; x_wconf 90' lang='lat' dir='ltr'><em>in</em></span> <span class='ocrx_word' id='word_1_181' title='bbox 797 4218 912 4294; x_wconf 74' lang='lat' dir='ltr'><em>Feriis,</em></span> <span class='ocrx_word' id='word_1_182' title='bbox 939 4220 1071 4301; x_wconf 74' lang='lat' dir='ltr'><em>exceptis</em></span> <span class='ocrx_word' id='word_1_183' title='bbox 1094 4216 1283 4289; x_wconf 86' lang='lat' dir='ltr'><em>Dominicis,</em></span> <span class='ocrx_word' id='word_1_184' title='bbox 1306 4215 1339 4280; x_wconf 91' lang='lat' dir='ltr'><em>in</em></span> 
     </span>
     <span class='ocr_line' id='line_1_29' title="bbox 106 4311 658 4397; baseline 0.007 -19"><span class='ocrx_word' id='word_1_185' title='bbox 106 4313 221 4397; x_wconf 75' lang='lat' dir='ltr'><em>quibus</em></span> <span class='ocrx_word' id='word_1_186' title='bbox 238 4311 388 4378; x_wconf 79' lang='lat' dir='ltr'><em>dicuntur</em></span> <span class='ocrx_word' id='word_1_187' title='bbox 407 4314 484 4380; x_wconf 83' lang='lat' dir='ltr'><em>tora</em></span> <span class='ocrx_word' id='word_1_188' title='bbox 502 4321 658 4382; x_wconf 88' lang='lat' dir='ltr'><em>consueta.</em></span> 
     </span>
    </p>
   </div>
   <div class='ocr_carea' id='block_1_16' title="bbox 0 0 1590 4792">
    <p class='ocr_par' dir='ltr' id='par_1_16' title="bbox 0 0 1590 4792">
     <span class='ocr_line' id='line_1_30' title="bbox 0 0 1590 4792; baseline 0 0"><span class='ocrx_word' id='word_1_189' title='bbox 0 0 1590 4792; x_wconf 95' lang='lat' dir='ltr'><em> </em></span> 
     </span>
    </p>
   </div>
  </div>
 </body>
</html>
