3159 4792
227 280 307 349 440
537 281 671 352 Festa
692 278 913 351 Octobris.
937 280 1001 348 10.
1024 280 1089 349 13.
1112 281 1176 350 14.

227 426 351 509 quique
372 426 434 499 ilii,
456 426 495 490 ad
515 424 755 509 praedicandum
775 423 930 509 gintibus
948 421 1085 509 gloriam
1107 434 1210 501 tuam,
1231 424 1404 491 Rtisticum
1427 425 1457 491 8ι

227 522 447 590 Eleuthirium
468 523 588 589 sociare
608 524 761 609 dignitus
781 542 815 589 es
838 522 970 588 :tribue
985 523 1092 599 nobis,
1110 540 1322 606 quaesumus3
1339 522 1454 590 eorum

228 620 410 688 imitatione
430 641 487 707 pro
506 620 616 688 amore
635 633 693 688 tuo
713 621 863 706 prospera
891 622 1004 688 mundi
1025 621 1198 706 despicere,
1220 622 1250 686 s
1270 624 1361 688 nulla
1384 626 1456 708 ejus

228 718 359 786 advirsa
379 720 559 786 sormidire.
583 722 640 785 Per
659 718 851 787 Dominum.

271 855 301 912 V
299 861 352 933 esp.
368 875 386 913 a
401 854 497 934 Capit.
513 856 546 913 de
559 855 688 933 sequenti,
705 874 801 913 comm.
812 857 931 934 praced.

260 1098 330 1195 10.
429 1098 478 1195 S.
514 1099 765 1195 Francisci
797 1100 985 1244 Borgiae
1019 1098 1331 1192 Confessoris.

634 1278 815 1356 semoupzex.
840 1277 913 1356 (m.
929 1281 958 1339 t.
974 1278 1034 1357 v.)

776 1422 903 1483 Oratio.

229 1524 413 1691 Domita
433 1521 507 1601 jesu
536 1519 677 1597 Christe,
711 1539 795 1586 verae
828 1520 1026 1586 humilititis
1057 1521 1086 1585 81
1119 1519 1283 1605 eximpIar
1314 1524 1343 1588 ἃ
1372 1544 1456 1608 prae-

338 1620 443 1684 mium
470 1637 478 1684 ι
505 1636 717 1701 quaesumus3
750 1628 786 1684 ut
820 1618 904 1685 sicut
933 1620 1064 1685 beritum
1093 1618 1298 1687 Franciscum
1328 1623 1361 1688 in
1390 1634 1457 1688 ter-

225 1716 292 1783 re'ni
325 1715 458 1782 honoris
491 1716 681 1802 contimptu
713 1716 910 1783 imitatorem
943 1720 990 1783 tui
1020 1716 1202 1804 gloriosum
1232 1718 1380 1797 effecisti,
1408 1722 1456 1787 ita

225 1834 285 1881 nos
299 1816 444 1901 ejirsdem
467 1813 661 1882 imitationis
680 1813 836 1902 &gioriae
851 1815 974 1882 tribuas
993 1835 1063 1881 esse
1078 1815 1253 1884 consortes.
1279 1819 1345 1896 Qui
1365 1820 1455 1885 vivis

226 1913 390 1998 &regnas
409 1933 484 1979 cum
505 1914 572 1979 Deo
592 1916 691 1979 Patre.

225 2136 244 2194 b
267 2046 371 2195 Combn.
383 2048 426 2105 Ss.
439 2048 564 2125 Dionysii
571 2054 598 2108 ei
607 2048 748 2106 Sociorum
759 2048 927 2119 Martyrum.
939 2049 1015 2107 Aria.
1028 2050 1178 2109 Gaudent.
1189 2047 1263 2131 [31].
1277 2055 1306 2123 9.
1319 2052 1455 2112 Exsulta·

246 2142 309 2195 unt.
355 2142 410 2197 rat.
427 2155 497 2216 439.

259 2380 329 2478 13.
398 2381 446 2478 S.
483 2383 692 2479 Eduardi
727 2383 861 2504 Regis
888 2407 934 2473 et
960 2382 1273 2476 Confessoris.

395 2538 398 2545 ’
640 2544 822 2623 δαηωιιρῑικ.
847 2545 920 2624 (m.
937 2549 966 2608 t.
981 2546 1042 2625 v.)

772 2673 900 2734 Oratio.

314 2788 382 2845 ευε,
400 2772 457 2853 qui
478 2770 608 2835 beritum
630 2791 737 2857 regem
759 2770 944 2837 Eduardum
963 2770 1188 2838 Confessorem
1209 2783 1304 2840 tuum
1324 2778 1453 2843 aeterni-

330 2869 406 2935 titis
434 2867 537 2953 gloria
561 2870 721 2934 coronisti
745 2887 751 2931 :
775 2872 822 2934 iac
847 2888 923 2945 noS,
945 2888 1156 2953 quaesumus;
1187 2874 1230 2938 ita
1253 2893 1329 2939 eum
1354 2896 1453 2941 vene-

223 2965 283 3030 rari
310 2966 342 3030 in
366 2966 476 3041 terris,
504 2976 540 3031 ut
563 2986 637 3031 curn
663 2986 700 3031 eo
725 2967 856 3051 regnare
882 2965 1048 3049 possimus
1073 2970 1105 3033 in
1130 2971 1229 3035 caeiis.
1257 2973 1313 3037 Per
1337 2972 1453 3039 Domi-

224 3084 304 3129 num
327 3074 489 3130 nostrum.

265 3188 295 3245 V
293 3195 346 3266 esp.
365 3190 397 3247 de
410 3192 541 3267 sequenti,
558 3208 653 3247 comm.
666 3191 782 3269 proeced.

1130 3320 1447 3331 *—

258 3429 329 3527 14.
435 3431 482 3528 S.
514 3432 699 3529 Callisti
726 3434 760 3528 I.
792 3440 921 3556 Papae
950 3458 995 3524 et
1022 3437 1248 3557 Martyris.

777 3605 897 3682 Duplex.

774 3739 902 3800 Oratio.

226 3838 384 4005 Das,
412 3836 468 3918 qui
500 3856 559 3902 nos
588 3836 751 3919 conspicis
779 3858 819 3902 ex
848 3847 957 3903 nostra
988 3839 1176 3907 infirmitite
1204 3842 1340 3908 deficere
1370 3863 1378 3910 :
1408 3847 1449 3912 ad

334 3931 478 3998 amorem
512 3945 606 4000 tuum
642 3955 701 4001 nos
737 3935 986 4001 misericorditer
1019 3958 1074 4021 per
1100 3939 1286 4007 santiorum
1317 3941 1448 4011 tuorum

222 4028 372 4114 eximpla
393 4033 543 4098 restiura.
566 4035 623 4098 Per
642 4033 822 4099 Dominum
845 4045 1004 4100 nostrum.

263 4164 369 4222 Comm.
388 4158 418 4222 S.
436 4166 569 4224 Eduardi.
587 4166 662 4224 Aria.
681 4167 734 4225 Hic
750 4169 806 4225 vir.
824 4165 898 4249 [47].
916 4170 944 4237 i.
958 4168 1076 4245 justum
1091 4171 1221 4231 dedtixit.

264 4280 344 4358 Vesp.
361 4300 378 4339 a
393 4279 489 4359 Capit.
505 4282 538 4339 de
551 4285 682 4359 sequenti,
700 4301 796 4341 comm.
808 4286 926 4361 prareti.
