3159 4792
1392 979 1513 1055 Die
1552 980 1663 1055 25.
1703 980 1953 1058 Martii.

485 1183 621 1301 In
676 1184 1600 1301 Annuntiatione
1661 1184 1785 1299 B.
1834 1183 2242 1300 Mariae
2299 1183 2861 1335 Virginis,

1402 1427 1619 1490 Duplex
1650 1440 1701 1476 2.
1732 1426 1948 1476 classis.

520 1601 590 1658 Si
612 1602 709 1659 hoc
727 1600 943 1659 Festum
969 1602 1178 1659 venerit
1196 1602 1254 1658 in
1283 1600 1571 1659 Dominica
1588 1600 1968 1679 privilegiata,
2003 1602 2434 1676 transferendum
2460 1602 2566 1659 erit
2589 1602 2668 1660 ad
2692 1601 2906 1659 Feriam

441 1689 510 1748 Il.
543 1691 849 1749 immediate
875 1695 1197 1767 sequentem,
1235 1691 1503 1749 translato
1530 1708 1866 1767 quocumque
1892 1689 2046 1748 Festo
2075 1690 2304 1768 Duplici
2323 1693 2488 1749 etiam
2514 1692 2761 1769 aequalia
2791 1709 2905 1748 non

442 1784 622 1838 tamen
659 1780 871 1838 altioris
909 1782 1073 1838 ritus.
1116 1780 1201 1839 De
1236 1779 1390 1838 Festo
1425 1784 1611 1838 autem
1659 1780 1886 1859 Duplici
1925 1781 2128 1838 minori
2165 1778 2425 1859 (excepto
2472 1781 2625 1839 Festo
2670 1782 2906 1859 alu-ujus

439 1868 683 1928 Doaoris
703 1868 981 1949 Ecclesia)
997 1870 1085 1927 vel
1102 1870 1454 1947 Semiduplici
1466 1888 1723 1927 occurren
1731 1873 1783 1927 te
1791 1870 1874 1946 fit
1895 1873 2115 1928 tantum
2133 1873 2563 1929 commemoratio
2581 1872 2640 1928 in
2659 1872 2908 1949 utrisque

446 1957 507 2013 V
501 1959 691 2035 esperis
736 1964 791 2017 et
828 1959 1121 2017 Laudibus.
1165 1959 1233 2016 Si
1262 1977 1388 2016 vero
1432 1960 1731 2017 occurrerit
1769 1961 1826 2016 in
1871 1958 2218 2019 Hebdomada
2254 1961 2468 2038 Majori
2498 1961 2586 2018 vel
2625 1960 2903 2030 Pascbali,

441 2048 873 2122 tran-ferendum
898 2050 1004 2107 erit
1029 2048 1184 2126 (pari
1205 2069 1329 2106 cum
1345 2050 1662 2129 privilegzo)
1688 2049 1746 2106 in
1776 2048 1983 2106 Feriam
2011 2048 2082 2107 II.
2105 2054 2236 2127 post
2254 2050 2597 2108 Domim‘cam
2623 2050 2684 2108 in
2721 2048 2905 2119 Albis,

437 2139 653 2196 servato
680 2137 797 2195 ritu
812 2139 1084 2216 paschali.
2681 2138 2688 2147 ’

1316 2290 1413 2364 In
1466 2289 1530 2364 1.
1588 2288 2027 2385 Vesperis.

1445 2479 1500 2522 1.
1532 2460 1707 2522 Asia.
1739 2463 1801 2523 8.
1834 2461 1894 2522 G

1976 2620 2904 2683 Ι-Ϊ-

1838 2694 1874 2737 ι
1976 2687 2805 2811 ἓω-

1547 2875 1762 2941 lSSUS
1827 2886 1923 2942 est
2038 2876 2270 2942 Gilbri-
2305 2879 2363 2942 el
2434 2878 2764 2962 Ange-lus

1535 3285 1615 3349 ad
1681 3283 1897 3350 Ma-ri-
1937 3304 2043 3350 am
2122 3284 2481 3371 Virgi-nem
2582 3288 2868 3372 despon-

501 3683 737 3749 sit-tam
785 3687 1076 3771 Jo-seph.
1140 3687 1208 3753 T.
1250 3690 1327 3753 Ρ.
1374 3691 1751 3758 ΑΙΙε-Ιὺ-ἰει.
1877 3694 1920 3757 Ε
1974 3713 2015 3758 u
2070 3714 2110 3760 ο
2168 3713 2209 3759 u
2268 3716 2304 3759 a
2368 3716 2425 3760 e.

608 3801 716 3865 Ps.
762 3801 942 3868 Dixit
980 3801 1325 3872 Dominus.
1371 3802 1539 3897 [65].

464 3962 524 4005 2·
552 3944 725 4007 ⁴45³·
1231 4032 1256 4043 -
1429 3985 2792 4050 1——

535 4043 589 4087 1.
620 4042 665 4103 g
1230 4050 2791 4116 ulma-F·-

949 4186 986 4231 Ι
1230 4116 2790 4183 -Ι--“

504 4151 683 4318 A&
848 4291 877 4302 —
905 4274 983 4321 ve
1031 4254 1258 4321 Ma-ri-
1322 4277 1380 4332 a,
1421 4254 1671 4345 [gra-ti·
1708 4279 1744 4323 a
1797 4260 2032 4344 ple-na,
2105 4259 2452 4328 Domi-nus
2490 4270 2584 4328 te-
2627 4282 2784 4329 cum
2831 4282 2848 4329 :
