3159 4792
232 279 309 350 200
567 279 611 349 in
637 279 768 350 Festo
789 265 859 350 Ss'.
879 277 1119 350 Trinitatis.

273 426 339 490 Pro
356 429 573 488 commemorat
559 425 641 489 tione
661 425 845 490 Dominica.

241 587 327 648 Ana.
341 591 371 648 8.

432 840 518 906 011
520 852 551 906 ie
583 845 637 928 ju·
622 839 692 906 dr
678 861 742 905 ca
747 860 789 916 re
875 851 911 905 ut
944 859 1010 905 non
1039 841 1142 926 junii·
1127 839 1332 905 -cr'eminiz
1382 843 1415 906 in

229 1267 297 1330 quo
332 1248 431 1312 onim
453 1245 654 1331 judici-0
688 1247 944 1334 judi-cauieri-
956 1248 1010 1324 tis,
1077 1245 1358 1334 judicabimini,
1379 1248 1429 1314 di-

254 1655 299 1720 cit
318 1652 503 1723 Domi-nus.

312 1789 343 1867 il.
367 1789 532 1876 Dirigitur
551 1788 692 1856 Domine
711 1790 815 1856 oritio
835 1811 917 1856 mea.

313 1889 348 1973 πᾷ.
371 1887 459 1954 Sicut
480 1887 649 1955 inclusum
672 1890 704 1954 in
725 1887 901 1973 conspitiu
921 1899 990 1954 tuo.

269 2012 392 2079 Oratio.
415 2015 514 2089 Deus,
538 2015 570 2080 in
591 2024 622 2080 te
642 2015 855 2098 sperintium.
878 2019 1039 2095 utsupra.

672 2147 785 2222 Peria
807 2147 999 2222 Secunda.

269 2279 384 2345 Omnia
408 2282 558 2348 dicuutur
582 2287 619 2348 ut
639 2285 672 2347 ia
696 2285 870 2358 Psalterio,
891 2303 961 2348 cum
985 2282 1139 2347 Oratione
1157 2284 1360 2362 procedentis
1384 2283 1453 2348 Do
1564 2284 1565 2343 ἶ

222 2380 344 2444 mimica
365 2400 376 2444 :
395 2378 494 2455 Deus
517 2381 550 2446 in
571 2392 601 2446 ie
620 2381 832 2465 sperintium.
855 2385 1016 2464 utsupra.

691 2512 805 2588 Peria
826 2513 978 2606 Quinta.

268 2647 455 2712 Celebratur
473 2649 594 2713 Festum
614 2650 765 2729 Corporis
785 2650 917 2715 Christi.

262 2771 297 2829 Si
308 2791 339 2830 ea
352 2773 395 2830 elie
407 2777 535 2830 occurrat
549 2772 656 2830 Festum
671 2773 779 2852 Duplex
793 2793 827 2830 ex
840 2775 988 2852 majoribus
1001 2775 1045 2832 vel
1051 2773 1169 2851 alicujus
1178 2773 1300 2831 Doliorr's
1310 2772 1448 2842 Ecclesr'ae,

223 2865 389 2936 transfertur
397 2866 461 2939 past
478 2863 626 2929 Otlaoom·
641 2863 667 2918 si
677 2867 805 2920 accurrat
818 2864 897 2920 aliud
909 2863 1018 2940 Duplex
1031 2863 1075 2920 uel
1082 2863 1195 2940 aliquod
1202 2861 1386 2941 Serniduplex,
1397 2867 1451 2918 aut
1564 2870 1566 2899 i

221 2949 351 3027 Simplex,
368 2951 400 3008 dc
413 2952 449 3007 eis
462 2951 585 3028 nihilfit.
1564 2958 1565 2967 ³

229 3105 233 3114 ι
261 3066 337 3141 Infra
363 3067 492 3124 Otlavom
515 3086 568 3124 nou
584 3068 625 3143 fit
643 3069 675 3125 de
694 3068 771 3126 Festa
790 3069 949 3144 nisifuerit
967 3069 1076 3146 Duplex
1095 3088 1105 3125 .·
1126 3067 1319 3144 Semiduplr'cra
1338 3072 1450 3124 tontum

187 3229 188 3234 ἵ
221 3160 465 3212 commemorantur
479 3157 507 3213 in
522 3159 644 3233 utrisque
661 3157 691 3214 V
689 3159 784 3235 asperis
799 3162 826 3215 et
840 3157 993 3225 laudr'bus;
1003 3158 1095 3233 necfit
1104 3155 1219 3214 cleFesto
1229 3155 1344 3232 Duplici
1351 3156 1454 3232 amyori
1564 3216 1566 3223 ,

220 3245 263 3303 vel
274 3245 392 3322 alicujus
406 3244 527 3303 Dotloris
542 3245 666 3304 Ecclesiae
681 3247 827 3315 translato,
845 3248 900 3304 nisi
910 3249 948 3304 sit
961 3247 983 3304 I.
999 3248 1043 3304 vel
1056 3246 1090 3304 II.
1108 3239 1262 3314 elassis-‘ae
1279 3246 1452 3324 Simplicifit
1564 3240 1565 3275 ³

222 3339 332 3392 tantum
346 3337 571 3393 commemoratio.

261 3450 292 3507 ln
306 3452 349 3509 die
364 3451 468 3510 Ollaria
482 3451 582 3528 nonsit
596 3453 652 3510 nisi
663 3453 695 3509 de
709 3452 867 3510 Nativitate
882 3453 913 3510 S.
925 3453 1048 3526 Joounis,
1065 3445 1138 3510 etde
1152 3452 1230 3509 Festo
1244 3451 1286 3508 Ss.
1304 3450 1452 3529 Apostolo-

218 3559 279 3596 rum
294 3539 373 3598 Petri
384 3545 412 3598 a
426 3539 518 3606 Pauli,
535 3541 578 3598 vel
590 3541 622 3598 dc
635 3541 689 3599 olr'o
702 3561 735 3598 ex
749 3542 960 3611 solemnioribus,
977 3543 1003 3599 si
1013 3546 1172 3610 occurrant,
1188 3560 1250 3598 cum
1258 3559 1450 3598 commemoro-

221 3630 293 3686 tione
308 3631 482 3687 Ollauarum.
