3159 4792
355 310 568 384 Officium
598 312 645 381 B.
669 313 726 382 Μ.
746 315 798 384 V.
821 313 862 382 in
884 312 1103 386 Sabbato.
1260 315 1338 410 [71]

87 452 1342 516 wwmwwuwwwwmwwww

180 758 449 877 Officium
478 761 541 876 B.
573 760 776 876 Mariae
806 761 871 879 V.
902 761 964 876 in
993 760 1267 880 Sabbato.

150 1080 284 1137 Omnilnas
299 1078 483 1157 Sabbatisper
496 1098 611 1149 annum,
618 1084 806 1157 praeterquam
820 1080 849 1136 in
862 1078 1003 1149 Adventu,
1018 1081 1244 1159 Quadragesxmo,
1262 1082 1340 1155 Quo·

102 1173 175 1226 tuor
195 1168 364 1246 Tonporibus
373 1173 401 1226 et
418 1168 536 1247 Vigiliis,
547 1174 576 1227 et
588 1170 642 1227 m'si
652 1170 778 1247 Officium
779 1170 848 1247 fieri
854 1169 951 1227 debeat
962 1170 995 1227 de
1004 1170 1083 1227 feria
1086 1174 1200 1248 propter
1211 1172 1339 1248 Offim'um

100 1259 227 1337 alicujus
245 1258 394 1315 Dominicae
407 1259 482 1333 infra
502 1258 705 1317 Hebdomodom
713 1260 881 1336 ponendum,
897 1278 931 1317 ac
943 1259 999 1317 nisi
1010 1258 1118 1317 Festum
1132 1259 1174 1317 IX
1187 1260 1339 1318 Lemonum

102 1348 293 1423 occurrat,flt
308 1347 434 1425 Officium
447 1348 480 1405 de
495 1348 526 1405 S.
545 1348 640 1406 Morio
653 1348 731 1406 modo
744 1348 931 1426 mfloscm‘pto.

566 1517 633 1593 Ad
659 1519 891 1615 vesperas.

154 1691 191 1755 In
211 1689 354 1771 Vesperis
372 1690 469 1755 Fem'ae
483 1689 537 1755 VI.
558 1691 708 1755 dt'cuntur
725 1688 849 1755 Psalmt'
859 1690 992 1777 feriales
1006 1690 1040 1755 in
1058 1689 1214 1755 Psalterio
1227 1690 1336 1772 positi,

106 1790 174 1855 nisi
182 1789 288 1874 fuerit
303 1788 424 1854 Festum
444 1788 488 1855 IX
504 1790 679 1854 Lebiionum
700 1810 711 1853 .·
728 1789 803 1872 quia
822 1792 896 1853 tunc
913 1792 952 1854 de
969 1788 1005 1855 S.
1027 1788 1134 1853 Maria
1148 1788 1195 1874 fit
1216 1792 1339 1854 tantum

107 1887 357 1953 commemoratio
376 1887 409 1953 in
427 1888 517 1952 omis
537 1887 681 1969 Vespero
703 1906 773 1952 cum
796 1886 989 1968 Autophom,
1017 1887 1120 1952 Versu
1137 1892 1169 1951 et
1187 1884 1339 1951 Oratione

108 1991 148 2053 ut
169 1987 254 2073 infra
274 2006 285 2052 :
309 2004 379 2071 quo
401 1986 649 2051 commemoratio
671 1984 829 2050 omittitur
850 1989 977 2069 quondo
1005 1984 1097 2050 Ferio
1121 1984 1176 2049 VI.
1203 1985 1341 2050 occurrit

108 2086 201 2151 aliud
218 2087 352 2172 ejusdem
370 2086 407 2149 B.
429 2084 544 2150 Mario
565 2082 718 2167 Officium,
740 2088 799 2149 aut
814 2083 936 2149 Festum
949 2083 1062 2165 primo
1078 2082 1197 2148 classis.

272 2247 476 2323 Capitulum.
978 2244 1064 2303 Eccli.
1081 2263 1131 2322 24.
1149 2245 1176 2301 b.

112 2345 220 2519 Aa
240 2343 347 2420 initio,
368 2346 397 2409 δι
416 2355 491 2411 ante
510 2346 629 2410 saecula
648 2344 749 2410 creita
768 2363 857 2420 sum,
879 2345 908 2408 8ι
928 2363 1033 2426 usque
1052 2345 1091 2409 ad
1112 2342 1258 2409 iutt‘lrum
1280 2360 1340 2408 sae-

223 2444 336 2509 culum
366 2460 432 2508 non
461 2441 626 2517 desinam,
652 2443 682 2507 ἃ
712 2442 744 2507 in
775 2440 976 2508 habitatione
1000 2439 1111 2507 saniia
1134 2461 1241 2507 coram
1268 2441 1339 2525 ipso

113 2542 309 2609 ministrivi.

328 3050 388 3097 ·ve
430 3029 544 3095 ma-ris
572 3030 675 3105 stella,
747 3028 837 3093 De-i
871 3026 987 3093 Ma·ter
1017 3030 1115 3103 alma,
1191 3026 1299 3109 Atque

440 3184 1339 3313 =im-

237 3301 250 3312 ”
323 3327 341 3370 Ι
440 3254 1302 3378 [mi—.

144 3485 270 3550 semper
294 3468 408 3553 Virg0,
452 3467 563 3533 Fe-lix
582 3468 670 3534 cae-li
697 3476 799 3552 porta.
822 3467 855 3535 2.
877 3466 1018 3533 Sumens
1038 3466 1121 3532 illud
1144 3466 1214 3530 Ave
1257 3464 1320 3530 Ga-

117 3566 1344 3879 Q

130 3898 191 3962 bri·
209 3896 290 3965 i-lis
321 3919 401 3973 o-re,
441 3899 552 3965 Funda
577 3917 637 3963 nos
676 3898 710 3963 in
730 3918 834 3983 pai-ce,
863 3899 1009 3963 iou-tans
1029 3898 1125 3962 Hevae
1145 3913 1279 3962 nomen.

123 4311 153 4380 3.
172 4310 267 4377 Solve
300 4314 406 4379 vincla
440 4332 487 4378 re-
506 4314 545 4390 is,
579 4313 700 4379 Pro-ser
719 4314 831 4379 lumen
851 4312 966 4385 caezis,
1002 4312 1101 4376 Ma-la
1126 4320 1234 4376 nostra
1266 4310 1331 4393 pel·
