3159 4792
250 305 355 400 [212]
600 308 783 379 Litaniae
803 305 878 376 xt.
899 304 1140 375 Horarum.

788 448 940 516 Oremus.

339 577 407 636 eus,
429 561 485 642 qui
508 559 603 625 nobis
621 558 683 624 sub
702 556 903 624 sacramento
924 555 1065 622 minibiii
1087 553 1257 640 passionis
1273 565 1348 621 tune
1374 554 1488 620 meme

252 564 333 732 D
362 659 441 723 riam
462 658 621 740 reliquisti
646 676 653 722 :
675 655 794 732 tribue,
816 674 1020 738 quaesumus,
1043 655 1086 720 ita
1106 673 1168 720 nos
1188 653 1347 737 terporis
1371 655 1404 717 ἃ
1427 657 1488 719 sen·

248 757 360 843 guinis
379 757 427 822 tui
443 775 528 822 sacra
543 754 696 842 mysteria
717 753 882 834 venereri3
901 762 937 820 ut
953 750 1186 837 redemptienis
1201 763 1271 818 tuae
1293 749 1446 818 fruetum
1461 755 1486 816 in

251 855 346 923 nobis
362 855 484 940 jugiter
502 855 695 921 sentiemus.
913 849 915 854 ’

293 981 414 1046 Deinde
434 979 547 1046 Oratio
564 983 603 1046 de
620 980 657 1044 Β.
680 979 726 1044 Μ.
750 979 784 1044 V
783 1028 806 1054 .,
828 997 893 1043 una
915 997 955 1042 ex
974 977 1074 1042 tribus
1092 983 1229 1061 sequent.
1254 985 1323 1058 pro
1346 981 1485 1059 tempore.

463 1124 516 1185 Ab
530 1123 688 1186 Adventu
701 1121 868 1200 usquead
882 1120 1102 1182 Nativitatem
1116 1121 1271 1182 Domini.

339 1259 406 1316 eus,
428 1239 484 1322 qui
501 1241 540 1304 de
554 1239 656 1305 beetae
671 1237 779 1304 Mariae
795 1237 941 1322 Virginis
956 1237 1047 1302 ritero
1066 1236 1208 1302 Verbum
1224 1247 1345 1313 tuum,
1364 1237 1486 1322 Angeio

252 1244 333 1412 D
357 1338 538 1413 numitore,
569 1357 698 1404 carnem
727 1336 889 1420 suscipere
925 1333 1058 1401 voluisti
1091 1353 1098 1399 τ
1130 1345 1246 1418 praesta
1276 1336 1486 1420 supplicibus

250 1438 336 1518 tuis;
359 1448 395 1502 ut
413 1438 471 1519 qui
496 1456 570 1500 vere
588 1457 659 1502 eam
683 1433 882 1501 Genitricem
903 1433 959 1498 Dei
984 1432 1157 1508 credimus,
1179 1436 1250 1518 ejus
1270 1435 1367 1519 apud
1395 1445 1427 1499 te
1445 1436 1486 1498 in-

249 1533 502 1601 tercessio'nibus
521 1533 725 1620 adjuvemur.

511 1679 542 1739 Α
556 1679 740 1739 Nativitate
754 1695 863 1754 usque
877 1677 920 1738 ad
935 1677 1219 1738 Purificationem.

252 1797 408 1965 Deus,
429 1795 485 1877 qui
501 1794 617 1861 salutis
635 1791 773 1868 aeternae,
792 1793 894 1858 beritae
915 1791 1022 1858 Mariae
1037 1792 1223 1876 virginitete
1238 1793 1415 1866 foect'rnda‚
1433 1797 1483 1859 hu-

355 1892 452 1958 mtno
465 1892 574 1977 generi
590 1894 723 1977 praemia
738 1890 938 1975 praestitisti:
957 1889 1075 1966 tribue,
1092 1909 1307 1974 quaesumus;
1328 1905 1369 1958 ut
1386 1895 1482 1976 ipsam

251 2009 308 2073 pro
334 1990 431 2056 nobis
461 1991 653 2057 intercedere
681 1990 874 2064 sentiemus,
901 2009 955 2073 per
983 2009 1081 2072 quam
1109 1989 1292 2056 merbimus
1315 1989 1481 2056 aueterem

249 2089 326 2153 vitae
340 2087 513 2172 suscipere,
535 2087 714 2155 Dominum
736 2098 885 2154 nostrum
902 2089 1012 2170 jesum
1031 2088 1197 2154 Christum
1217 2087 1345 2154 Filium
1369 2101 1472 2156 tuum.

303 2232 335 2292 A
350 2232 587 2293 Purificatione
600 2249 709 2310 usque
723 2232 767 2292 ad
780 2232 987 2304 Adventum,
1005 2233 1107 2294 etiam
1121 2231 1243 2309 Temp.
1261 2233 1438 2295 Paschali.

253 2349 453 2524 Couceoe
474 2367 534 2414 nos
553 2347 693 2416 semotos
712 2358 799 2422 tuos,
822 2367 1013 2431 quaesumus
1037 2346 1176 2416 Demine
1201 2348 1302 2425 Deus,
1331 2350 1482 2434 perpetua

355 2448 474 2513 mentis
493 2447 522 2510 u
541 2446 683 2529 corporis
703 2447 840 2513 sanitete
853 2447 993 2531 gaudere
1016 2465 1022 2510 :
1045 2447 1074 2511 &
1093 2445 1235 2532 gloriosa
1251 2449 1358 2514 beeitae
1379 2449 1481 2514 Mariae

249 2565 377 2629 semper
395 2544 541 2630 Virginis
556 2544 796 2620 intercessiene,
814 2567 831 2610 a
846 2543 996 2630 praesenti
1014 2546 1140 2611 libereri
1156 2545 1302 2623 tristitia,
1320 2549 1352 2612 81
1369 2547 1480 2616 aete'ms
1540 2611 1541 2633 ,

250 2642 367 2728 perfrui
389 2643 511 2710 laetitia.

339 2788 459 2853 Deinde
477 2788 626 2853 dicuntur
644 2794 801 2872 sequentes
822 2787 1001 2855 Orationes.

342 2929 517 2977 nureoreus
548 2911 744 2996 sempiterne
779 2914 866 2980 Deus
900 2913 1050 2981 miserere
1084 2914 1206 2981 stimulo
1245 2925 1304 2981 tuo
1333 2918 1479 2982 Pontifici

254 2912 335 3086 O
364 2997 474 3076 nostro
490 3012 548 3084 N..
565 3012 594 3074 u
609 3010 712 3094 dirige
727 3032 803 3078 eum
818 3009 996 3078 secundum
1013 3023 1103 3078 tuam
1119 3011 1327 3078 clementiam
1346 3016 1381 3080 in
1399 3017 1478 3080 viem

250 3108 367 3174 saletis
385 3107 534 3187 aete'rnae3
557 3119 605 3185 ut,
627 3119 659 3174 te
678 3110 830 3184 donente,
857 3111 916 3177 tibi
937 3111 1055 3194 pldcita
1081 3111 1202 3195 cupiat,
1223 3112 1252 3177 81
1273 3121 1341 3178 tota
1364 3115 1479 3180 virtute

251 3205 405 3289 perficiat.

253 3345 412 3510 DeuS,
440 3341 601 3425 retegium
628 3351 777 3407 nostrum
801 3343 830 3407 ἃ
854 3343 957 3410 virtus
983 3362 990 3409 :
1017 3342 1129 3410 adesto
1153 3345 1218 3428 piis
1244 3345 1395 3412 Ecclesiae
1418 3357 1478 3412 tuae

362 3437 523 3522 precibus,
541 3437 653 3506 auoor
667 3441 736 3523 ipse
755 3441 896 3523 pietetis,
914 3444 943 3506 &
958 3453 1072 3526 praesta
1087 3460 1094 3521 ;
1116 3453 1153 3509 ut
1168 3444 1257 3526 quod
1272 3443 1415 3510 fideliter
1429 3447 1479 3530 pe

250 3537 365 3611 timus,
391 3538 560 3604 efficeciter
577 3540 827 3621 consequemur.

254 3671 517 3845 Omnipotens
536 3671 733 3756 sempiterne
753 3674 852 3748 Deus,
877 3674 909 3739 in
925 3676 1018 3758 cujus
1039 3695 1139 3741 manu
1159 3687 1236 3742 sunt
1249 3675 1404 3744 bmnium
1424 3699 1476 3760 po-

363 3771 504 3845 testetes,
532 3772 561 3837 u
585 3769 737 3837 emnium
760 3775 831 3855 jura
861 3771 1033 3858 regnorum
1067 3793 1074 3837 :
1107 3773 1228 3858 respice
1255 3777 1288 3840 in
1316 3775 1476 3843 auxilium

249 3867 529 3950 Christianerum;
551 3881 589 3936 ut
611 3881 725 3956 gentes
747 3870 923 3938 Turceirum
949 3872 979 3936 u
1004 3871 1241 3950 haereticorum,
1268 3893 1343 3956 quae
1369 3877 1404 3942 in
1423 3895 1475 3942 sue

249 3968 373 4033 feritete
391 3967 420 4031 u
439 3969 548 4033 fraude
567 3967 748 4045 confidunt,
766 3968 905 4035 dexterae
924 3981 988 4036 tuae
1008 3969 1149 4054 potentia
1169 3973 1390 4040 conterentur.

252 4103 515 4277 Ouurnoreus
534 4101 730 4186 sempiterne
749 4104 848 4180 Deus,
871 4105 927 4187 qui
953 4103 1103 4172 viverum
1125 4107 1304 4173 domineris
1323 4108 1425 4174 simui
1449 4109 1473 4171 u
1519 4137 1520 4142 ¹

362 4198 579 4278 mortuo'rum,
600 4199 819 4285 omniumque
839 4202 1013 4280 misereris,
1036 4224 1120 4287 quos
1143 4217 1218 4273 tuos
1243 4207 1307 4272 fide
1331 4207 1361 4271 dr
1384 4206 1472 4291 epere

249 4301 375 4366 tuturos
398 4319 468 4365 esse
499 4298 672 4381 praenriscis
698 4318 706 4364 τ
737 4311 768 4365 te
791 4301 956 4386 supplices
990 4304 1183 4384 exoremus;
1214 4315 1251 4370 ut
1274 4324 1331 4388 pro
1355 4307 1471 4388 quibus
