3159 4792
434 341 567 411 Festa
590 339 707 410 Maii.
729 338 794 408 19.
817 337 898 407 20.
920 337 1002 409 25.
1261 336 1339 409 323

657 484 785 546 Oratio.

200 602 267 658 sus,
288 584 345 667 qui
367 584 454 650 hunc
471 584 559 649 diem
579 583 663 649 beiti
679 582 832 648 Venantii
848 581 998 667 Mirtyris
1013 580 1061 647 tui
1078 582 1246 667 triumpho
1262 602 1340 648 con-

221 682 349 749 secrasti
372 701 380 747 ε
406 681 523 749 exiudi
548 701 656 766 preces
679 680 794 766 populi
819 682 885 756 tui,
911 681 941 745 8ι
965 690 1100 765 praesta;
1127 682 1244 763 utqui
1269 684 1339 767 ejus

115 780 223 847 merita
241 781 446 856 venerimur,
467 780 544 847 fidei
563 781 780 847 constantiam
802 778 982 846 imitemur.
1004 779 1061 845 Per
1079 776 1275 846 Dominum.

149 888 255 947 Comm.
273 878 305 945 S.
323 890 472 947 Paschalis.
490 887 565 946 Aria.
583 888 636 947 Hic
651 889 706 947 vir.
724 882 799 969 [47].
818 888 846 957 i.
859 887 978 964 Justum
993 887 1124 945 deduxit.
1145 888 1228 945 Orat.
1245 902 1316 965 32¹·

151 986 230 1064 Vesp.
246 1004 266 1043 a
281 985 376 1064 capit.
393 988 425 1045 dc
438 1006 504 1064 seq„
522 1006 617 1045 comm
629 986 746 1065 praeced.
763 991 791 1044 et
806 985 836 1043 S.
855 984 1036 1043 Pudentem
1053 982 1186 1063 Virginis.

142 1202 212 1299 19.
283 1204 332 1301 S.
361 1204 494 1300 Petri
522 1203 765 1301 Gaelesiini
793 1207 923 1325 Papae
951 1224 996 1291 et
1023 1200 1159 1293 Conf.

661 1346 779 1427 urpnx.

659 1456 785 1518 Oratio.

198 1573 267 1631 eus
290 1553 346 1637 qui
366 1555 500 1622 beatum
524 1556 652 1621 Petrum
678 1552 891 1621 Caelestinum
915 1554 955 1618 ad
979 1552 1102 1618 summi
1127 1552 1335 1636 pontificitus

116 1560 192 1725 D
217 1654 345 1739 apicem
371 1654 571 1729 sublimisti,
593 1654 718 1736 quique
737 1653 834 1719 illum
856 1650 1033 1717 humilititi
1059 1648 1253 1735 postponere
1276 1652 1335 1718 do-

113 1751 203 1818 cuisti
224 1772 232 1819 :
254 1750 397 1818 concede
415 1749 595 1837 propitius;
617 1763 653 1819 ut
676 1754 747 1837 ejus
769 1749 923 1835 exemplo
948 1746 1065 1816 cuniia
1089 1750 1205 1815 rnundi
1226 1746 1335 1834 despi-

113 1870 191 1926 cere,
212 1852 241 1917 &
261 1852 302 1916 ad
327 1850 487 1935 promissa
511 1848 694 1918 humilibus
716 1848 849 1934 praemia
873 1847 1040 1934 pervenire
1058 1846 1194 1913 feliciter
1213 1847 1334 1913 mereri-

115 1968 193 2015 mur.
214 1951 275 2015 Per
293 1947 487 2016 Dominum.

150 2056 255 2115 Comm.
274 2056 305 2114 S.
325 2056 468 2115 Venanir'r‘.
486 2056 561 2115 Aria.
578 2054 674 2116 Sancti
690 2058 716 2115 u
727 2056 812 2134 justi.
830 2052 904 2137 [23].
922 2056 951 2125 Ῡ.
974 2053 1112 2113 Pretiosa.
1128 2052 1220 2112 Extra
1244 2051 1274 2139 T.
1296 2054 1331 2112 P.

113 2146 183 2205 Aria.
198 2146 255 2216 Qui
272 2147 348 2205 vult.
367 2143 441 2228 [161.
458 2148 488 2217 il.
501 2146 602 2224 justus
616 2152 649 2205 ut
663 2145 772 2224 palma.

149 2246 245 2304 Postea
267 2245 297 2306 S.
316 2244 535 2307 Pudentianae
552 2246 684 2323 Virgini.
701 2244 776 2303 Aria.
795 2244 866 2303 Veni
882 2262 1001 2321 sponsa.
1020 2240 1094 2324 [51].
1107 2245 1137 2314 il.
1153 2242 1255 2320 Spe'cie
1269 2248 1331 2302 tua.

115 2337 191 2394 Orat.
208 2334 321 2394 Exaudi
337 2353 429 2395 nos...
447 2334 540 2394 bea'tae
555 2334 753 2394 Pudentia'nae.
772 2331 847 2415 [5²]·
1441 2338 1444 2343 “

149 2434 179 2491 ln
192 2435 226 2492 ll.
246 2433 330 2512 Vesp.
347 2433 423 2493 Aria.
442 2434 521 2493 Dum
536 2439 624 2492 esset.
642 2429 716 2514 [39].
735 2432 842 2491 Comm.
859 2434 1001 2509 sequentis.

142 2641 211 2737 20.
246 2641 296 2739 S.
327 2642 611 2738 Beruardini
637 2641 873 2738 Senensis
899 2637 1211 2731 Confessons.
1319 2718 1326 2727 .

626 2784 810 2862 Semiliuplex.

185 2892 259 2951 Aria.
280 2891 423 2953 Similibo
437 2910 516 2951 eurn.
535 2889 610 2973 [46].
626 2894 656 2963 i.
673 2891 795 2951 Amrivlt
811 2910 890 2951 eum.

656 2991 785 3053 Oratio.

118 3092 295 3260 Domus
320 3092 415 3173 lesu,
446 3091 504 3173 qui
536 3090 631 3155 berito
662 3088 856 3155 Bernardino
881 3086 1064 3155 Confessriri
1090 3099 1148 3155 tuo
1172 3086 1333 3153 eximium

218 3188 322 3255 saneti
344 3186 491 3254 nominis
509 3188 557 3254 tui
577 3186 721 3254 amorem
743 3186 884 3253 tribuisti
908 3206 915 3252 :
937 3190 1019 3273 ejus,
1041 3205 1243 3271 quaesumus,
1266 3184 1335 3250 rne-

116 3287 235 3371 ritis&
264 3286 512 3363 intercessione,
543 3285 695 3371 spiritum
726 3285 822 3352 nobis
856 3296 919 3352 tuae
952 3283 1139 3351 dilectionis
1172 3283 1334 3371 benignus

117 3384 253 3453 infunde.
279 3387 346 3465 Qui
372 3386 511 3453 vivis&
539 3404 653 3470 regnas
675 3405 751 3451 curn
779 3384 846 3450 Deo
874 3386 964 3450 Patre
988 3384 1022 3449 in
1046 3384 1170 3450 unitite
1194 3382 1334 3469 Spiritus

116 3481 215 3551 §anui
236 3486 335 3551 Deus.

145 3690 213 3787 25.
248 3691 298 3789 S.
321 3692 537 3815 Greqorii
553 3693 658 3790 VII.
683 3696 812 3812 Papae
839 3712 885 3780 et
911 3688 1223 3781 confessoris.

437 3837 442 3844 ’
658 3842 778 3921 οιφιικ.

656 3951 784 4013 Oratio.

199 4068 254 4115 eus
273 4051 308 4116 in
327 4061 359 4115 te
377 4050 579 4133 sperintium
604 4048 777 4123 fortitudo,
799 4050 855 4133 qui
877 4050 1007 4114 beritum
1028 4047 1221 4134 Gregorium
1248 4050 1334 4113 Con·

220 4147 370 4214 sessorem
391 4159 485 4215 tuum
505 4158 604 4230 atque
622 4146 825 4224 Pontificem,
848 4167 906 4232 pro
925 4146 1044 4213 tuenda
1066 4146 1213 4213 Ecclesiae
1239 4146 1334 4211 liber·

120 4243 178 4309 tite
195 4242 312 4313 virtute
330 4247 522 4313 constiutiae
542 4246 698 4313 roboristi
721 4264 728 4310 :
751 4247 791 4311 da
812 4247 908 4312 nobis
927 4249 997 4330 ejus
1016 4244 1167 4328 exemplo
1187 4244 1216 4307 81
1237 4244 1335 4309 inter-

120 4343 269 4420 cessione,
291 4345 402 4411 ‹imnia
420 4345 621 4411 adversintia
640 4343 764 4412 fortiter
781 4344 941 4429 superine.
964 4346 1020 4409 Per
1039 4341 1230 4409 Dominum.
