3159 4792
426 302 560 373 Festa
580 299 782 385 Augusti.
806 299 886 369 26.
910 300 991 370 27.
1015 300 1096 372 28.
1289 302 1364 373 401

171 560 244 658 26.
350 562 398 658 S.
426 536 680 685 zephyrini
708 566 839 682 Papae
867 583 912 649 et
939 560 1166 683 Martyris.
1274 675 1276 680 Α

220 742 295 800 Aria.
312 741 367 800 iste
383 738 510 800 sancius.
530 737 604 821 [14].
624 742 652 809 i.
670 738 770 799 Gloria
785 739 812 800 8ι
826 739 949 798 honore.

689 857 818 918 Oratio.

215 972 342 1033 rAEsTn,
372 974 564 1039 quaesumus
601 952 813 1038 omnipotens
847 953 934 1021 Deus
965 973 972 1019 τ
1005 964 1041 1021 ut
1073 956 1159 1023 beiti
1192 957 1365 1044 zephyrini

237 1055 386 1140 Minyris
413 1056 460 1119 tui
490 1062 588 1136 atque
616 1052 799 1129 Pontificis,
825 1056 919 1138 cujus
942 1053 1124 1139 gaudemus
1149 1053 1289 1133 meritis,
1317 1057 1367 1122 in-

137 1152 303 1219 struimur
320 1151 493 1237 eximpiis.
516 1154 574 1218 Per
592 1148 775 1217 Dominum
796 1161 958 1217 nostrum.

181 1269 261 1347 Vesp.
278 1270 311 1328 de
324 1270 455 1347 sequenti.

169 1492 242 1589 27.
280 1493 328 1589 S.
365 1464 889 1616 Josephi'caiasanetii
921 1493 1234 1586 Confessoris.

584 1656 704 1734 nupt...
723 1654 797 1734 (m.
813 1658 842 1718 r.
858 1655 918 1734 v.)

686 1783 814 1845 Oratio.

226 1898 298 1961 cus,
325 1880 382 1963 qui
408 1901 462 1965 per
486 1878 635 1947 sancium
658 1878 836 1965 iosephum
860 1880 1085 1949 Confessdrem
1104 1894 1212 1958 tuum,
1234 1884 1274 1947 ad
1293 1902 1365 1948 eru-

247 1978 399 2044 diendam
420 1977 540 2069 spiritu
557 1979 781 2065 intelligentie
799 2000 835 2045 ac
854 1981 982 2065 pietitis
997 1978 1217 2067 juventutem,
1240 2000 1363 2047 novum

136 2076 283 2143 Eccldsiae
307 2088 371 2144 tuae
395 2076 581 2143 subsidium
607 2077 773 2162 providdre
791 2079 946 2165 dignitus
974 2100 1009 2145 es
1037 2097 1045 2143 :
1076 2089 1206 2163 praesta,
1234 2086 1365 2163 quaesu-

137 2193 229 2256 mus3
257 2194 317 2242 nos
345 2178 416 2261 ejus
444 2174 595 2261 exemplo
618 2178 647 2241 81
672 2176 903 2244 intercessione
929 2178 973 2243 ita
996 2178 1097 2243 ficere
1119 2178 1148 2243 dr
1171 2176 1301 2253 doecre,
1328 2188 1367 2244 ut

136 2274 269 2358 praemia
289 2274 529 2357 consequimur
546 2273 675 2340 aeterna.
697 2277 754 2340 Per
773 2274 968 2342 Dominum.

179 2391 260 2468 Vesp.
275 2410 294 2449 a
311 2390 403 2469 Capit.
420 2391 452 2449 de
465 2392 596 2467 sequenti,
613 2410 709 2449 comm.
721 2393 840 2469 prceced.
857 2396 886 2450 et
899 2393 931 2450 S.
947 2392 1081 2451 Hermetis
1096 2394 1240 2470 Martyris.

167 2613 241 2709 28.
279 2614 327 2710 S.
363 2572 621 2739 Augustini
655 2615 881 2739 Episcopi,
911 2614 1225 2733 Confessoris‚

471 2778 505 2851 ei
523 2774 682 2852 Ecclesiae
699 2776 863 2853 Ductoris.
883 2781 1036 2872 Duplex.

178 2930 213 2994 ln
231 2928 547 3013 utrisquetsesperis,
570 2930 654 2995 Aria.
679 2929 708 2994 Ο
730 2928 890 2997 ὓοέὶοτ...
913 2929 1005 2996 beite
1024 2917 1220 3016 Augustine.
1244 2926 1325 3020 [40]·

685 3056 813 3119 Oratio.

226 3170 326 3218 oesro
350 3152 645 3237 supplicatidnibus
670 3155 791 3221 nostris
815 3154 1026 3240 omnipotens
1051 3156 1166 3221 Deus:
1189 3154 1218 3219 dr
1242 3155 1364 3239 quibus

247 3252 401 3317 fiduciam
421 3252 586 3335 spesindae
606 3254 734 3337 pietdtis
755 3254 924 3337 indulges,
946 3252 1162 3319 intercedente
1182 3253 1276 3318 beito
1296 3256 1363 3318 Au-

135 3349 268 3435 gustino
288 3348 479 3415 Confessdre
498 3361 556 3417 tuo
575 3361 672 3434 atque
691 3350 858 3426 Pontifice,
875 3350 1039 3418 consuetae
1060 3349 1288 3435 misericdrdiae
1307 3350 1364 3416 tri-

135 3448 199 3513 bue
217 3446 380 3534 benignus
398 3446 562 3514 effidium.
585 3449 642 3514 Per
661 3448 856 3515 Dominum.
948 3446 952 3451 ’
1064 3451 1069 3461 ’

177 3563 281 3622 Comm.
300 3564 330 3621 S.
342 3565 447 3641 josephi
461 3564 635 3623 Calasandiir'.
654 3566 729 3624 Aria.
747 3566 801 3624 Hic
816 3565 872 3624 vir.
889 3561 965 3646 [47].
984 3568 1012 3635 i.
1025 3566 1154 3644 Justum.

175 3681 279 3738 Deinde
295 3680 324 3741 S.
340 3678 508 3742 Hermetis
524 3682 612 3740 Mart.
631 3682 705 3740 Aria.
723 3682 778 3739 iste
798 3678 926 3739 sandius.
943 3678 1018 3761 [14].
1037 3684 1065 3751 y.
1083 3681 1182 3740 Gidria
1196 3682 1222 3740 ἃ
1236 3681 1359 3740 honore.

687 3790 815 3851 Oratio.

224 3904 292 3962 ευε,
314 3886 371 3969 qui
392 3886 525 3952 bedtum
546 3885 730 3952 Hermitem
752 3887 925 3973 Minyrem
950 3898 1044 3953 tuum
1071 3887 1191 3954 virtute
1214 3886 1365 3952 constin-

246 3985 300 4050 tiae
325 3985 358 4048 in
384 3982 534 4066 passione
559 3985 714 4050 roboristi
744 4004 751 4049 :
778 4005 817 4050 ex
843 3988 913 4070 ejus
937 3985 1033 4052 nobis
1054 3983 1237 4051 imitatidne
1259 3983 1372 4055 tribue.

137 4102 193 4165 pro
217 4081 326 4149 amore
350 4094 407 4148 tuo
434 4080 584 4167 prdspera
611 4084 724 4150 mundi
754 4082 933 4168 despicere,
959 4086 989 4149 81
1019 4086 1109 4151 nulla
1138 4088 1208 4169 ejus
1235 4080 1366 4147 adversa

137 4181 322 4246 sormiddre.
345 4183 401 4247 Per
421 4179 615 4248 deinum.

181 4296 260 4372 Vesp.
276 4298 308 4354 de
322 4298 453 4374 sequenti,
471 4316 566 4355 comm.
580 4298 697 4376 proeced.
715 4302 742 4357 ei
757 4298 787 4356 S.
807 4299 917 4357 Sabinu
932 4300 1076 4365 Marum.

217 4421 252 4479 V.
277 4422 310 4481 R.
1043 4460 1048 4467 -
1227 4424 1265 4482 26
