<?xml version="1.0" encoding="UTF-8"?>
<!DOCTYPE html PUBLIC "-//W3C//DTD XHTML 1.0 Transitional//EN"
    "http://www.w3.org/TR/xhtml1/DTD/xhtml1-transitional.dtd">
<html xmlns="http://www.w3.org/1999/xhtml" xml:lang="en" lang="en">
 <head>
  <title>
</title>
<meta http-equiv="Content-Type" content="text/html;charset=utf-8" />
  <meta name='ocr-system' content='tesseract 3.04.00' />
  <meta name='ocr-capabilities' content='ocr_page ocr_carea ocr_par ocr_line ocrx_word'/>
</head>
<body>
  <div class='ocr_page' id='page_1' title='image "./liberantiphonar00ritugoog/liberantiphonar00ritugoog_0040.png"; bbox 0 0 3159 4792; ppageno 0'>
   <div class='ocr_carea' id='block_1_1' title="bbox 249 279 1196 364">
    <p class='ocr_par' dir='ltr' id='par_1_1' title="bbox 249 279 1196 364">
     <span class='ocr_line' id='line_1_1' title="bbox 249 279 1196 364; baseline -0.001 -14"><span class='ocrx_word' id='word_1_1' title='bbox 249 283 299 352; x_wconf 86' lang='lat'>16</span> <span class='ocrx_word' id='word_1_2' title='bbox 535 280 661 352; x_wconf 82' lang='lat' dir='ltr'>Feria</span> <span class='ocrx_word' id='word_1_3' title='bbox 681 279 856 364; x_wconf 84' lang='lat' dir='ltr'>Quarta</span> <span class='ocrx_word' id='word_1_4' title='bbox 876 280 932 350; x_wconf 90' lang='lat' dir='ltr'>ad</span> <span class='ocrx_word' id='word_1_5' title='bbox 954 281 1196 364; x_wconf 77' lang='lat' dir='ltr'>vesperas.</span> 
     </span>
    </p>
   </div>
   <div class='ocr_carea' id='block_1_2' title="bbox 459 837 1441 923">
    <p class='ocr_par' dir='ltr' id='par_1_2' title="bbox 459 837 1441 923">
     <span class='ocr_line' id='line_1_2' title="bbox 459 837 1441 923; baseline -0.001 -20"><span class='ocrx_word' id='word_1_6' title='bbox 459 837 589 905; x_wconf 79' lang='lat' dir='ltr'>Etru-ris</span> <span class='ocrx_word' id='word_1_7' title='bbox 621 840 708 903; x_wconf 83' lang='lat' dir='ltr'>aime</span> <span class='ocrx_word' id='word_1_8' title='bbox 745 837 930 914; x_wconf 82' lang='lat' dir='ltr'>Crindi-tor,</span> <span class='ocrx_word' id='word_1_9' title='bbox 961 838 1075 904; x_wconf 86' lang='lat' dir='ltr'>Mundi</span> <span class='ocrx_word' id='word_1_10' title='bbox 1109 839 1230 902; x_wconf 72' lang='lat' dir='ltr'>sulum</span> <span class='ocrx_word' id='word_1_11' title='bbox 1251 839 1308 922; x_wconf 87' lang='lat' dir='ltr'>qui</span> <span class='ocrx_word' id='word_1_12' title='bbox 1337 837 1441 923; x_wconf 72' lang='lat' dir='ltr'>se-pa-</span> 
     </span>
    </p>
   </div>
   <div class='ocr_carea' id='block_1_3' title="bbox 996 974 1421 992">
    <p class='ocr_par' dir='ltr' id='par_1_3' title="bbox 996 974 1421 992">
     <span class='ocr_line' id='line_1_3' title="bbox 996 974 1421 992; baseline -0.002 -1"><span class='ocrx_word' id='word_1_13' title='bbox 996 974 1421 992; x_wconf 50' lang='lat' dir='ltr'>—u—mb—</span> 
     </span>
    </p>
   </div>
   <div class='ocr_carea' id='block_1_4' title="bbox 282 1258 1468 1345">
    <p class='ocr_par' dir='ltr' id='par_1_4' title="bbox 282 1258 1468 1345">
     <span class='ocr_line' id='line_1_4' title="bbox 282 1258 1468 1345; baseline -0.001 -20"><span class='ocrx_word' id='word_1_14' title='bbox 282 1279 365 1337; x_wconf 84' lang='lat' dir='ltr'>rans,</span> <span class='ocrx_word' id='word_1_15' title='bbox 392 1262 498 1327; x_wconf 85' lang='lat' dir='ltr'>Pulsis</span> <span class='ocrx_word' id='word_1_16' title='bbox 532 1280 626 1345; x_wconf 82' lang='lat' dir='ltr'>aquae</span> <span class='ocrx_word' id='word_1_17' title='bbox 650 1258 811 1326; x_wconf 69' lang='lat' dir='ltr'>ino-lesti—</span> <span class='ocrx_word' id='word_1_18' title='bbox 836 1261 875 1336; x_wconf 92' lang='lat' dir='ltr'>is,</span> <span class='ocrx_word' id='word_1_19' title='bbox 902 1262 1032 1326; x_wconf 81' lang='lat' dir='ltr'>Terram</span> <span class='ocrx_word' id='word_1_20' title='bbox 1053 1259 1186 1326; x_wconf 75' lang='lat' dir='ltr'>dedisti</span> <span class='ocrx_word' id='word_1_21' title='bbox 1209 1259 1468 1326; x_wconf 59' lang='lat' dir='ltr'>immubi-lem:</span> 
     </span>
    </p>
   </div>
   <div class='ocr_carea' id='block_1_5' title="bbox 244 1401 1432 1785">
    <p class='ocr_par' dir='ltr' id='par_1_5' title="bbox 244 1401 1432 1785">
     <span class='ocr_line' id='line_1_5' title="bbox 289 1401 1432 1488; baseline 0 -19"><span class='ocrx_word' id='word_1_22' title='bbox 289 1404 332 1469; x_wconf 90' lang='lat' dir='ltr'>Ut</span> <span class='ocrx_word' id='word_1_23' title='bbox 349 1423 482 1488; x_wconf 82' lang='lat' dir='ltr'>germen</span> <span class='ocrx_word' id='word_1_24' title='bbox 502 1414 615 1487; x_wconf 85' lang='lat' dir='ltr'>aptum</span> <span class='ocrx_word' id='word_1_25' title='bbox 636 1401 812 1488; x_wconf 75' lang='lat' dir='ltr'>prbierens,</span> <span class='ocrx_word' id='word_1_26' title='bbox 922 1404 1026 1484; x_wconf 77' lang='lat' dir='ltr'>iussis</span> <span class='ocrx_word' id='word_1_27' title='bbox 1044 1404 1111 1470; x_wconf 91' lang='lat' dir='ltr'>tuis</span> <span class='ocrx_word' id='word_1_28' title='bbox 1129 1402 1354 1488; x_wconf 64' lang='lat' dir='ltr'>obtemperet:</span> <span class='ocrx_word' id='word_1_29' title='bbox 1425 1408 1432 1420; x_wconf 87' lang='lat'>&#39;</span> 
     </span>
     <span class='ocr_line' id='line_1_6' title="bbox 245 1500 1354 1586; baseline 0.002 -21"><span class='ocrx_word' id='word_1_30' title='bbox 245 1502 356 1569; x_wconf 87' lang='lat' dir='ltr'>Fulvis</span> <span class='ocrx_word' id='word_1_31' title='bbox 375 1501 488 1568; x_wconf 70' lang='lat' dir='ltr'>decura</span> <span class='ocrx_word' id='word_1_32' title='bbox 507 1500 654 1575; x_wconf 68' lang='lat' dir='ltr'>iibribus,</span> <span class='ocrx_word' id='word_1_33' title='bbox 880 1502 991 1567; x_wconf 90' lang='lat' dir='ltr'>Nullis</span> <span class='ocrx_word' id='word_1_34' title='bbox 1010 1502 1106 1567; x_wconf 79' lang='lat' dir='ltr'>maiis</span> <span class='ocrx_word' id='word_1_35' title='bbox 1124 1501 1326 1586; x_wconf 78' lang='lat' dir='ltr'>apprt&#39;rxirrret</span> <span class='ocrx_word' id='word_1_36' title='bbox 1347 1521 1354 1567; x_wconf 92' lang='lat'>:</span> 
     </span>
     <span class='ocr_line' id='line_1_7' title="bbox 244 1599 1281 1685; baseline -0.002 -18"><span class='ocrx_word' id='word_1_37' title='bbox 244 1599 391 1667; x_wconf 77' lang='lat' dir='ltr'>Fecunda</span> <span class='ocrx_word' id='word_1_38' title='bbox 409 1599 515 1668; x_wconf 68' lang='lat' dir='ltr'>frutiu</span> <span class='ocrx_word' id='word_1_39' title='bbox 535 1599 673 1676; x_wconf 85' lang='lat' dir='ltr'>sisteret,</span> <span class='ocrx_word' id='word_1_40' title='bbox 881 1601 979 1666; x_wconf 89' lang='lat' dir='ltr'>Bonis</span> <span class='ocrx_word' id='word_1_41' title='bbox 998 1599 1111 1685; x_wconf 72' lang='lat' dir='ltr'>repleri</span> <span class='ocrx_word' id='word_1_42' title='bbox 1131 1601 1281 1685; x_wconf 71' lang='lat' dir='ltr'>giudeat,</span> 
     </span>
     <span class='ocr_line' id='line_1_8' title="bbox 244 1697 1328 1785; baseline -0.002 -21"><span class='ocrx_word' id='word_1_43' title='bbox 244 1699 440 1783; x_wconf 79' lang='lat' dir='ltr'>Pastumque</span> <span class='ocrx_word' id='word_1_44' title='bbox 459 1708 586 1785; x_wconf 82' lang='lat' dir='ltr'>gratum</span> <span class='ocrx_word' id='word_1_45' title='bbox 608 1697 761 1765; x_wconf 68' lang='lat' dir='ltr'>redderet.</span> <span class='ocrx_word' id='word_1_46' title='bbox 881 1700 918 1764; x_wconf 84' lang='lat' dir='ltr'>Et</span> <span class='ocrx_word' id='word_1_47' title='bbox 937 1699 1053 1764; x_wconf 86' lang='lat' dir='ltr'>mortis</span> <span class='ocrx_word' id='word_1_48' title='bbox 1074 1697 1175 1764; x_wconf 58' lang='lat' dir='ltr'>ibium</span> <span class='ocrx_word' id='word_1_49' title='bbox 1196 1699 1328 1766; x_wconf 85' lang='lat' dir='ltr'>ne&#39;sciat.</span> 
     </span>
    </p>
   </div>
   <div class='ocr_carea' id='block_1_6' title="bbox 242 1822 1413 2282">
    <p class='ocr_par' dir='ltr' id='par_1_6' title="bbox 242 1822 1571 2377">
     <span class='ocr_line' id='line_1_9' title="bbox 288 1822 1339 1910; baseline -0.003 -20"><span class='ocrx_word' id='word_1_50' title='bbox 288 1826 407 1891; x_wconf 87' lang='lat' dir='ltr'>Mentis</span> <span class='ocrx_word' id='word_1_51' title='bbox 426 1825 564 1910; x_wconf 81' lang='lat' dir='ltr'>periistae</span> <span class='ocrx_word' id='word_1_52' title='bbox 582 1825 715 1890; x_wconf 80' lang='lat' dir='ltr'>vulnera</span> <span class='ocrx_word' id='word_1_53' title='bbox 925 1825 1051 1899; x_wconf 83' lang='lat' dir='ltr'>Praesta,</span> <span class='ocrx_word' id='word_1_54' title='bbox 1073 1825 1163 1888; x_wconf 84' lang='lat' dir='ltr'>Pater</span> <span class='ocrx_word' id='word_1_55' title='bbox 1181 1822 1339 1908; x_wconf 80' lang='lat' dir='ltr'>piissime,</span> 
     </span>
     <span class='ocr_line' id='line_1_10' title="bbox 243 1921 1313 2007; baseline -0.001 -20"><span class='ocrx_word' id='word_1_56' title='bbox 243 1923 364 1988; x_wconf 82' lang='lat' dir='ltr'>Munda</span> <span class='ocrx_word' id='word_1_57' title='bbox 383 1922 489 1988; x_wconf 76' lang='lat' dir='ltr'>virrire</span> <span class='ocrx_word' id='word_1_58' title='bbox 507 1923 619 2007; x_wconf 77' lang='lat' dir='ltr'>gritiae</span> <span class='ocrx_word' id='word_1_59' title='bbox 642 1940 649 1986; x_wconf 94' lang='lat'>:</span> <span class='ocrx_word' id='word_1_60' title='bbox 881 1921 1029 2005; x_wconf 83' lang='lat' dir='ltr'>Patrique</span> <span class='ocrx_word' id='word_1_61' title='bbox 1047 1941 1181 2006; x_wconf 87' lang='lat' dir='ltr'>compar</span> <span class='ocrx_word' id='word_1_62' title='bbox 1199 1923 1313 1998; x_wconf 86' lang='lat' dir='ltr'>Unice,</span> 
     </span>
     <span class='ocr_line' id='line_1_11' title="bbox 243 2018 1279 2110; baseline -0.001 -23"><span class='ocrx_word' id='word_1_63' title='bbox 243 2022 286 2087; x_wconf 94' lang='lat' dir='ltr'>Ut</span> <span class='ocrx_word' id='word_1_64' title='bbox 304 2019 385 2087; x_wconf 69' lang='lat' dir='ltr'>satta</span> <span class='ocrx_word' id='word_1_65' title='bbox 404 2019 615 2110; x_wconf 33' lang='lat' dir='ltr'>ssetuldiiuat,</span> <span class='ocrx_word' id='word_1_66' title='bbox 879 2021 962 2086; x_wconf 87' lang='lat' dir='ltr'>Cum</span> <span class='ocrx_word' id='word_1_67' title='bbox 983 2018 1104 2103; x_wconf 87' lang='lat' dir='ltr'>Spiritu</span> <span class='ocrx_word' id='word_1_68' title='bbox 1125 2021 1279 2087; x_wconf 74' lang='lat' dir='ltr'>Pariciito</span> 
     </span>
     <span class='ocr_line' id='line_1_12' title="bbox 242 2119 1413 2204; baseline 0.001 -22"><span class='ocrx_word' id='word_1_69' title='bbox 242 2119 417 2202; x_wconf 79' lang='lat' dir='ltr'>Motusque</span> <span class='ocrx_word' id='word_1_70' title='bbox 435 2138 551 2204; x_wconf 87' lang='lat' dir='ltr'>pravos</span> <span class='ocrx_word' id='word_1_71' title='bbox 569 2119 693 2184; x_wconf 70' lang='lat' dir='ltr'>tuerat.</span> <span class='ocrx_word' id='word_1_72' title='bbox 879 2119 1031 2204; x_wconf 85' lang='lat' dir='ltr'>Regnans</span> <span class='ocrx_word' id='word_1_73' title='bbox 1051 2137 1107 2202; x_wconf 89' lang='lat' dir='ltr'>per</span> <span class='ocrx_word' id='word_1_74' title='bbox 1125 2137 1224 2184; x_wconf 89' lang='lat' dir='ltr'>omne</span> <span class='ocrx_word' id='word_1_75' title='bbox 1243 2119 1413 2184; x_wconf 85' lang='lat' dir='ltr'>saeculum.</span> 
     </span>
     <span class='ocr_line' id='line_1_13' title="bbox 968 2218 1086 2282; baseline 0.008 -1"><span class='ocrx_word' id='word_1_76' title='bbox 968 2218 1086 2282; x_wconf 83' lang='lat' dir='ltr'>Arnen.</span> 
     </span>
    </p>
   </div>
   <div class='ocr_carea' id='block_1_7' title="bbox 287 2322 964 2508">
    <p class='ocr_par' dir='ltr' id='par_1_7' title="bbox 287 2322 964 2508">
     <span class='ocr_line' id='line_1_14' title="bbox 287 2322 886 2410; baseline -0.003 -21"><span class='ocrx_word' id='word_1_77' title='bbox 287 2324 318 2402; x_wconf 73' lang='lat' dir='ltr'>i.</span> <span class='ocrx_word' id='word_1_78' title='bbox 341 2325 504 2410; x_wconf 79' lang='lat' dir='ltr'>Dirigitur</span> <span class='ocrx_word' id='word_1_79' title='bbox 522 2323 663 2390; x_wconf 81' lang='lat' dir='ltr'>Drimine</span> <span class='ocrx_word' id='word_1_80' title='bbox 682 2322 783 2390; x_wconf 70' lang='lat' dir='ltr'>oritio</span> <span class='ocrx_word' id='word_1_81' title='bbox 804 2343 886 2388; x_wconf 86' lang='lat' dir='ltr'>mea.</span> 
     </span>
     <span class='ocr_line' id='line_1_15' title="bbox 287 2419 964 2508; baseline -0.004 -21"><span class='ocrx_word' id='word_1_82' title='bbox 287 2425 322 2508; x_wconf 59' lang='lat' dir='ltr'>ri.</span> <span class='ocrx_word' id='word_1_83' title='bbox 344 2423 433 2488; x_wconf 85' lang='lat' dir='ltr'>Sicut</span> <span class='ocrx_word' id='word_1_84' title='bbox 454 2423 622 2489; x_wconf 87' lang='lat' dir='ltr'>ince&#39;nsum</span> <span class='ocrx_word' id='word_1_85' title='bbox 647 2423 680 2486; x_wconf 89' lang='lat' dir='ltr'>in</span> <span class='ocrx_word' id='word_1_86' title='bbox 700 2419 875 2505; x_wconf 60' lang='lat' dir='ltr'>conspeetu</span> <span class='ocrx_word' id='word_1_87' title='bbox 895 2431 964 2487; x_wconf 91' lang='lat' dir='ltr'>tuo.</span> 
     </span>
    </p>
   </div>
   <div class='ocr_carea' id='block_1_8' title="bbox 607 2557 1101 2632">
    <p class='ocr_par' dir='ltr' id='par_1_8' title="bbox 607 2557 1101 2632">
     <span class='ocr_line' id='line_1_16' title="bbox 607 2557 1101 2632; baseline -0.004 -15"><span class='ocrx_word' id='word_1_88' title='bbox 607 2557 660 2617; x_wconf 92' lang='lat' dir='ltr'>Ad</span> <span class='ocrx_word' id='word_1_89' title='bbox 674 2557 879 2631; x_wconf 83' lang='lat' dir='ltr'>Magnificat,</span> <span class='ocrx_word' id='word_1_90' title='bbox 896 2557 1101 2632; x_wconf 73' lang='lat' dir='ltr'>Antiphone.</span> 
     </span>
    </p>
   </div>
   <div class='ocr_carea' id='block_1_9' title="bbox 278 2687 1470 3018">
    <p class='ocr_par' dir='ltr' id='par_1_9' title="bbox 278 2687 1568 3018">
     <span class='ocr_line' id='line_1_17' title="bbox 278 2687 1470 3018; baseline 0.004 -106.541"><span class='ocrx_word' id='word_1_91' title='bbox 278 2687 1470 3018; x_wconf 35' lang='lat' dir='ltr'>215&amp;ss</span> 
     </span>
    </p>
   </div>
   <div class='ocr_carea' id='block_1_10' title="bbox 454 2953 1415 3038">
    <p class='ocr_par' dir='ltr' id='par_1_10' title="bbox 454 2953 1415 3038">
     <span class='ocr_line' id='line_1_18' title="bbox 454 2953 1415 3038; baseline -0.001 -19"><span class='ocrx_word' id='word_1_92' title='bbox 454 2955 584 3021; x_wconf 86' lang='lat' dir='ltr'>Xstiitet</span> <span class='ocrx_word' id='word_1_93' title='bbox 646 2953 711 3038; x_wconf 88' lang='lat' dir='ltr'>spi·</span> <span class='ocrx_word' id='word_1_94' title='bbox 720 2973 758 3018; x_wconf 89' lang='lat' dir='ltr'>rr</span> <span class='ocrx_word' id='word_1_95' title='bbox 747 2963 816 3020; x_wconf 93' lang='lat' dir='ltr'>tus</span> <span class='ocrx_word' id='word_1_96' title='bbox 843 2975 911 3018; x_wconf 89' lang='lat' dir='ltr'>me·</span> <span class='ocrx_word' id='word_1_97' title='bbox 925 2973 964 3020; x_wconf 92' lang='lat' dir='ltr'>us</span> <span class='ocrx_word' id='word_1_98' title='bbox 1030 2955 1063 3020; x_wconf 90' lang='lat' dir='ltr'>in</span> <span class='ocrx_word' id='word_1_99' title='bbox 1097 2955 1158 3018; x_wconf 89' lang='lat' dir='ltr'>De·</span> <span class='ocrx_word' id='word_1_100' title='bbox 1185 2974 1205 3019; x_wconf 91' lang='grc' dir='ltr'>ο</span> <span class='ocrx_word' id='word_1_101' title='bbox 1238 2974 1286 3020; x_wconf 90' lang='lat' dir='ltr'>sa</span> <span class='ocrx_word' id='word_1_102' title='bbox 1273 2955 1415 3020; x_wconf 80' lang='lat' dir='ltr'>lutari</span> 
     </span>
    </p>
   </div>
   <div class='ocr_carea' id='block_1_11' title="bbox 252 3346 741 3459">
    <p class='ocr_par' dir='ltr' id='par_1_11' title="bbox 252 3346 741 3459">
     <span class='ocr_line' id='line_1_19' title="bbox 252 3346 741 3459; baseline -0.002 -32"><span class='ocrx_word' id='word_1_103' title='bbox 252 3382 366 3459; x_wconf 41' lang='grc' dir='ltr'>[ηε-ο,</span> <span class='ocrx_word' id='word_1_104' title='bbox 443 3346 741 3428; x_wconf 68' lang='grc' dir='ltr'>Ἐυουεε.</span> 
     </span>
    </p>
   </div>
   <div class='ocr_carea' id='block_1_12' title="bbox 236 3495 1566 3665">
    <p class='ocr_par' dir='ltr' id='par_1_12' title="bbox 236 3495 1566 3665">
     <span class='ocr_line' id='line_1_20' title="bbox 280 3495 962 3574; baseline 0 -22"><span class='ocrx_word' id='word_1_105' title='bbox 280 3496 385 3566; x_wconf 83' lang='lat' dir='ltr'>Preces,</span> <span class='ocrx_word' id='word_1_106' title='bbox 401 3497 426 3553; x_wconf 86' lang='lat' dir='ltr'>si</span> <span class='ocrx_word' id='word_1_107' title='bbox 438 3495 556 3554; x_wconf 80' lang='lat' dir='ltr'>dr&#39;cmdae</span> <span class='ocrx_word' id='word_1_108' title='bbox 569 3497 636 3564; x_wconf 85' lang='lat' dir='ltr'>sint,</span> <span class='ocrx_word' id='word_1_109' title='bbox 654 3496 789 3553; x_wconf 82' lang='lat' dir='ltr'>habentur</span> <span class='ocrx_word' id='word_1_110' title='bbox 802 3501 897 3574; x_wconf 80' lang='lat' dir='ltr'>supra,</span> <span class='ocrx_word' id='word_1_111' title='bbox 918 3513 962 3552; x_wconf 89' lang='lat'>11.</span> 
     </span>
     <span class='ocr_line' id='line_1_21' title="bbox 236 3605 1566 3665; baseline -0.005 0"><span class='ocrx_word' id='word_1_112' title='bbox 236 3605 1466 3665; x_wconf 55' lang='lat' dir='ltr'>uwwuuuufflmuuuwmwwmmmuwumwe</span> <span class='ocrx_word' id='word_1_113' title='bbox 1565 3618 1566 3659; x_wconf 78' lang='lat'>1</span> 
     </span>
    </p>
   </div>
   <div class='ocr_carea' id='block_1_13' title="bbox 385 3776 1411 3917">
    <p class='ocr_par' dir='ltr' id='par_1_13' title="bbox 385 3776 1411 3917">
     <span class='ocr_line' id='line_1_22' title="bbox 385 3776 1411 3917; baseline -0.001 -29"><span class='ocrx_word' id='word_1_114' title='bbox 385 3779 568 3889; x_wconf 85' lang='lat' dir='ltr'>Feria</span> <span class='ocrx_word' id='word_1_115' title='bbox 597 3778 837 3917; x_wconf 85' lang='lat' dir='ltr'>Quarta</span> <span class='ocrx_word' id='word_1_116' title='bbox 866 3776 945 3887; x_wconf 85' lang='lat' dir='ltr'>ad</span> <span class='ocrx_word' id='word_1_117' title='bbox 974 3778 1307 3914; x_wconf 85' lang='lat' dir='ltr'>Vesperas.</span> <span class='ocrx_word' id='word_1_118' title='bbox 1406 3793 1411 3806; x_wconf 83' lang='lat'><strong><em>‘</em></strong></span> 
     </span>
    </p>
   </div>
   <div class='ocr_carea' id='block_1_14' title="bbox 462 4286 1136 4356">
    <p class='ocr_par' dir='ltr' id='par_1_14' title="bbox 462 4286 1136 4356">
     <span class='ocr_line' id='line_1_23' title="bbox 462 4286 1136 4356; baseline -0.004 0"><span class='ocrx_word' id='word_1_119' title='bbox 462 4289 520 4356; x_wconf 91' lang='grc' dir='ltr'>ΟΝ</span> <span class='ocrx_word' id='word_1_120' title='bbox 541 4286 778 4356; x_wconf 72' lang='lat' dir='ltr'>contunde-tur.</span> <span class='ocrx_word' id='word_1_121' title='bbox 861 4288 883 4352; x_wconf 88' lang='grc' dir='ltr'>ΙΞ</span> <span class='ocrx_word' id='word_1_122' title='bbox 909 4307 929 4354; x_wconf 91' lang='lat' dir='ltr'>u</span> <span class='ocrx_word' id='word_1_123' title='bbox 959 4309 980 4355; x_wconf 90' lang='grc' dir='ltr'>ο</span> <span class='ocrx_word' id='word_1_124' title='bbox 1008 4307 1028 4354; x_wconf 83' lang='grc' dir='ltr'>ιι</span> <span class='ocrx_word' id='word_1_125' title='bbox 1056 4309 1074 4353; x_wconf 86' lang='lat' dir='ltr'>a</span> <span class='ocrx_word' id='word_1_126' title='bbox 1107 4309 1136 4354; x_wconf 89' lang='lat' dir='ltr'>e.</span> 
     </span>
    </p>
   </div>
   <div class='ocr_carea' id='block_1_15' title="bbox 0 0 1584 4792">
    <p class='ocr_par' dir='ltr' id='par_1_15' title="bbox 0 0 1584 4792">
     <span class='ocr_line' id='line_1_24' title="bbox 0 0 1584 4792; baseline 0 4"><span class='ocrx_word' id='word_1_127' title='bbox 0 0 1584 4792; x_wconf 95' lang='lat' dir='ltr'> </span> 
     </span>
    </p>
   </div>
  </div>
 </body>
</html>
