3159 4792
430 273 642 348 Officium
668 276 1011 351 Defunctorum.
1250 283 1329 378 [87]

94 423 203 486 quam
224 403 321 471 hodie
340 409 380 471 de
399 409 460 474 hoc
483 414 602 477 saeculo
629 413 766 498 migrdre
787 413 915 499 jussisti
943 433 950 478 :
977 425 1013 482 ut
1038 435 1103 482 non
1128 420 1234 485 tradas
1258 440 1329 485 eam

93 502 134 565 in
157 522 274 570 manus
295 505 433 583 inimici,
457 526 562 592 neque
581 510 786 578 obliviscdris
806 513 841 578 in
860 512 982 593 finem;
1005 514 1061 580 sed
1078 513 1193 602 jobeas
1212 538 1285 582 eam
1312 539 1330 583 a

93 598 223 667 sanotis
243 604 381 688 Angelis
400 604 534 689 soseipi,
551 608 580 671 8ι
598 609 638 673 ad
659 610 795 693 pitriam
815 608 953 694 paradisi
974 612 1126 695 perdoci3
1145 624 1183 680 ut
1201 615 1278 698 quia
1295 616 1329 680 in

93 708 132 764 te
156 700 295 783 sperdvit
319 702 348 767 a
376 702 527 781 crodidit,
555 724 621 771 non
645 726 762 790 poenas
786 706 902 774 intorni
928 708 1103 788 sustineat,
1130 714 1186 779 sed
1211 712 1331 799 goudia

94 795 218 863 aetdma
238 798 413 883 possideat.
435 803 492 868 Per
511 802 702 871 Dominum.

260 934 299 994 ln
313 935 367 997 die
380 938 490 1012 tertio,
506 940 652 1016 septimo
667 948 701 1002 et
713 940 900 1016 trigesimo.
1037 942 1166 1005 Oratio.

193 1068 344 1117 nasutius
377 1051 538 1130 Domine,
577 1066 613 1121 ut
645 1056 764 1122 dnimae
796 1056 909 1122 tomuli
941 1058 989 1123 tui
1019 1058 1062 1124 Ν.
1097 1058 1169 1143 (vel
1199 1059 1330 1126 famule

214 1157 279 1214 tuae
301 1148 378 1237 N.)‚
404 1154 497 1237 cujus
520 1152 736 1238 depositionis
763 1155 851 1220 diem
879 1154 1011 1221 tortium
1036 1155 1112 1239 (vel
1135 1156 1326 1241 soptimum,

93 1250 150 1313 vel
168 1244 393 1336 trigesimum)
406 1252 719 1329 commemoramus
741 1250 929 1319 santiorum
945 1263 1043 1337 atque
1057 1252 1236 1321 eleotorum
1255 1253 1330 1321 tuo·

97 1366 171 1412 rum
194 1343 300 1430 largiri
321 1345 465 1432 dignoris
480 1348 702 1431 consortium3
720 1351 869 1416 &rorem
887 1349 1116 1419 misericordia
1136 1362 1200 1419 tuae
1215 1352 1329 1437 peron-

97 1463 175 1509 nem
197 1444 360 1511 inidndas.
383 1446 440 1511 Per
458 1444 652 1514 Dominum.

259 1586 299 1648 In
312 1589 554 1652 anniversario
568 1592 633 1653 die.
1035 1594 1163 1656 Oratio.

100 1708 245 1875 Datis
283 1704 559 1789 indulgentiirum
597 1704 738 1772 Domine
774 1724 781 1770 :
821 1707 860 1771 da
894 1705 1013 1772 onimae
1047 1708 1161 1774 famuli
1195 1708 1243 1774 tui
1280 1711 1324 1777 N.

209 1803 281 1891 (vel
292 1803 424 1869 ramula
442 1814 508 1871 tuae
526 1803 604 1892 N.)‚
626 1804 681 1891 (va
707 1804 881 1871 animabus
900 1803 1098 1871 famulorum
1116 1806 1328 1873 famularom-

95 1921 162 1985 que
182 1902 341 1987 tuorum),
359 1903 453 1986 cujus
467 1902 539 1987 (vel
555 1904 717 1989 quorum)
730 1902 986 1969 anniversarium
1003 1902 1219 1987 depositionis
1238 1904 1325 1970 diem

94 2000 408 2076 commemordmus,
427 1999 577 2087 refrigorii
593 2003 716 2078 sedem,
733 2000 856 2084 quiotis
870 1998 1119 2079 beatitddinem,
1136 2003 1166 2067 8ι
1186 2002 1325 2069 lominis

95 2098 288 2165 claritdtem.
311 2100 367 2164 Per
385 2096 578 2165 Dominum.

257 2243 325 2303 Pro
340 2243 485 2304 Summo
501 2244 664 2306 Pontifice
677 2243 848 2304 defuncto.
1035 2244 1163 2305 Oratio.

100 2352 254 2519 Datis
276 2350 334 2432 qui
351 2349 433 2415 inter
448 2369 599 2417 summos
614 2348 795 2415 sacerdotes
808 2349 970 2416 romulum
989 2360 1085 2416 tuum
1105 2350 1147 2416 N.
1167 2350 1323 2416 ineffabili

204 2457 259 2513 tua
278 2446 494 2530 dispositione
513 2448 738 2514 connumeriri
759 2446 895 2513 voluisti
918 2466 925 2513 :
953 2458 1083 2531 praesta,
1110 2464 1322 2531 quaesumus;

97 2546 203 2627 utqui
221 2542 380 2631 unigoniti
396 2544 469 2611 Filii
485 2547 533 2613 tui
553 2548 639 2613 vices
660 2547 692 2610 in
712 2547 805 2612 terris
822 2545 964 2631 gerebat,
985 2543 1171 2612 sanotorum
1192 2544 1323 2611 tuorum

96 2642 290 2709 Pontificum
311 2642 475 2711 consortio
495 2643 650 2729 perpotuo
668 2642 872 2731 aggregotur.
890 2645 947 2709 Per
960 2641 1112 2713 edrndem
1128 2641 1321 2710 Dominum.

257 2781 324 2841 Pro
339 2780 505 2857 Episcopo
519 2780 689 2843 defuncto.
1033 2777 1160 2840 Oratio.

99 2882 254 3050 Daus
276 2879 332 2959 qui
353 2878 436 2943 inter
454 2876 651 2962 apostolicos
675 2876 856 2944 sacerdotes
875 2877 1035 2943 romulum
1061 2888 1156 2943 tuum
1176 2876 1219 2945 Ν.
1242 2895 1324 2960 ροη-

207 2974 318 3041 tiiicdli
338 2974 441 3041 iecisti
456 2975 615 3060 dignitdte
629 2974 737 3060 vigore
755 2994 762 3039 :
780 2984 907 3058 praesta,
923 2992 1136 3057 quaesumus;
1155 2984 1191 3040 ut
1209 2972 1323 3039 eorum

96 3094 227 3159 quoque
246 3071 400 3157 perpotuo
419 3072 612 3159 aggregotur
630 3070 808 3139 consortio.
830 3074 887 3138 Per
904 3070 1098 3137 Dominum.

138 3202 203 3266 Pro
230 3200 376 3281 Episcopo
405 3199 576 3265 cardinali
606 3200 761 3284 deflendo,
786 3199 911 3263 dicatur
930 3219 941 3263 .·
971 3198 1133 3263 simulum
1161 3206 1256 3263 tuum
1277 3197 1320 3263 N.

95 3298 289 3384 Episcopum
310 3297 527 3373 Cardindlem
548 3296 727 3382 pontificali
748 3293 849 3361 iecisti
868 3295 1039 3380 dignitate.
1344 3324 1348 3333 ¹

139 3416 203 3480 Pro
221 3415 403 3495 Presbytero
423 3414 595 3480 Cardinali
609 3436 620 3480 .·
636 3413 798 3485 romulum
817 3420 913 3478 tuum
934 3413 976 3478 Ν.
998 3411 1223 3497 Presbyterum
1248 3412 1323 3477 Car-

39 3592 40 3597 *
96 3512 250 3590 dindimi,
273 3512 473 3579 sacerdotdli.

138 3640 202 3704 Pro
220 3640 361 3703 Draconi)
384 3642 487 3703 autem
511 3637 682 3703 Cardinali
703 3638 829 3702 dicatur
854 3634 997 3701 Oratio:
1023 3633 1143 3700 inclina
1167 3632 1319 3709 Domine,

94 3756 161 3821 quae
180 3736 308 3800 habetur
321 3737 420 3817 paulo
438 3736 534 3821 infra,
556 3735 610 3799 hoc
624 3739 714 3800 modo
734 3754 745 3800 .·
766 3742 803 3798 ut
821 3732 965 3797 inimam
985 3732 1098 3797 tomuli
1114 3732 1162 3797 tui
1181 3731 1225 3797 N.
1247 3730 1322 3794 Did-

95 3834 165 3899 coni
184 3833 376 3908 cardinatis,
397 3852 497 3916 quam
518 3833 557 3897 de
577 3834 638 3899 hoc
657 3832 789 3907 saeculo,
805 3832 864 3895 otc.

154 3958 157 3965 Δ
254 3978 321 4038 Pro
337 3976 518 4037 Sacerdote
532 3976 705 4037 defuncto.
1030 3972 1157 4033 Oratio.

182 4092 251 4150 aus,
273 4075 331 4158 qui
353 4075 436 4140 inter
454 4072 651 4157 apostolicos
669 4070 851 4138 sacerdotes
865 4070 1026 4136 romulum
1046 4080 1141 4135 tuum
1157 4070 1200 4135 Ν.
1217 4086 1319 4134 sacer-

204 4172 304 4238 dotoli
334 4171 437 4238 iecisti
466 4172 625 4257 dignitdte
653 4168 788 4257 vigore:
811 4178 942 4253 praesta,
969 4184 1182 4251 quaesumus;
1206 4176 1241 4233 ut
1265 4164 1319 4231 oo-

96 4290 166 4337 rum
188 4289 322 4355 quoque
340 4269 495 4355 perpdtuo
513 4267 705 4356 aggregotur
723 4265 901 4333 consortio.
923 4267 979 4332 Per
997 4263 1190 4331 Dominum.
