3159 4792
346 293 559 369 Officium
590 296 638 367 Β.
662 299 719 369 Μ.
740 298 791 369 V.
814 300 856 368 in
877 298 1097 372 Sabbato.
1256 298 1335 392 [73]

98 467 1337 681 fi

172 710 446 775 Euouaa

658 798 785 861 Oratio.

189 914 312 963 orietur:
333 916 393 963 nos
411 896 554 963 simulos
572 904 664 973 tu0S,
687 916 879 981 quaesurnus
897 897 1038 966 Domine
1056 899 1161 974 Deus,
1184 897 1337 984 perpitua

108 900 185 1076 C
214 996 382 1063 mentis&
401 993 544 1080 corporis
562 996 700 1062 sanitate
718 996 858 1083 gaudire
879 1000 933 1064 :81
951 996 1095 1084 gloriosa
1114 998 1214 1064 beitae
1228 997 1337 1064 Mariae

104 1116 238 1180 semper
257 1094 403 1181 Virginis
423 1092 663 1172 intercessione,
681 1116 699 1159 a
718 1094 868 1179 praesinti
890 1097 1016 1163 liberiri
1036 1095 1177 1173 tristitia,
1198 1098 1228 1162 81
1247 1095 1338 1163 aetir-

106 1215 148 1260 na
170 1194 288 1279 pirsrui
310 1192 432 1259 laetitia.
455 1194 511 1259 Per
530 1190 710 1260 Dominum
732 1204 894 1261 nostrum.

152 1320 183 1379 V
180 1322 206 1379 at
218 1321 273 1379 alia
287 1318 447 1397 Antiphono
460 1323 488 1377 et
503 1320 601 1377 Oratio
609 1324 663 1397 pro
678 1322 804 1397 temporis
817 1322 960 1391 varietate,
976 1327 1010 1381 ut
1021 1322 1106 1398 insto.

154 1439 233 1504 Post
246 1437 428 1503 Orationem
435 1438 527 1521 fiunt
538 1456 693 1503 commem.
710 1438 1096 1522 consummatorem,
1112 1442 1151 1503 de
1163 1439 1334 1521 Apostolis,

107 1541 196 1603 etde
214 1537 306 1612 Pace,
327 1538 379 1601 ool
395 1540 433 1601 da
460 1536 562 1602 Cruoa
591 1534 735 1618 Tempore
756 1537 914 1612 Paschati,
936 1541 975 1603 ut
991 1539 1025 1602 in
1038 1538 1205 1603 Psotterio.
1226 1538 1265 1604 Si
1280 1558 1339 1604 au·

108 1641 171 1702 tam
184 1639 331 1701 occurrat
342 1635 464 1701 Festum
478 1635 629 1717 Simplex,
645 1638 684 1701 de
701 1655 736 1700 oo
752 1637 796 1717 fit
811 1656 967 1702 commum.
983 1640 1057 1701 ante
1074 1638 1142 1719 ipsa
1161 1637 1334 1724 Suffragia.

152 1767 413 1848 completorium
428 1772 461 1826 ur
474 1769 504 1827 in
518 1768 662 1828 psaltem.
686 1768 773 1827 Tonas
789 1770 892 1849 Hymni
904 1775 938 1829 ut
955 1772 984 1828 ia
998 1770 1083 1829 Fertis
1096 1771 1129 1829 B.
1146 1772 1190 1829 M.
1206 1770 1236 1829 V
1236 1814 1256 1841 .,
1272 1772 1338 1831 etin

98 1862 163 1937 fine
178 1860 266 1938 :Jesu
282 1860 335 1918 tibi
350 1860 389 1917 sit
403 1858 507 1936 gioria,
525 1859 581 1927 Qui
598 1864 685 1917 natus
703 1877 734 1917 es
753 1860 790 1918 de
806 1857 941 1938 Virgine,
958 1862 1066 1919 etiamsi
1079 1862 1110 1917 in
1126 1860 1250 1939 Vesperis
1259 1862 1339 1938 fatto

107 1952 146 2011 sit
158 1953 268 2007 tantum
280 1968 419 2007 commem.
436 1949 468 2031 da
481 1948 515 2005 B.
532 1948 636 2014 Maria,
658 1949 713 2006 m'si
722 1949 826 2027 Hymni
842 1950 915 2007 iilius
928 1949 1002 2010 Festi
1018 1950 1093 2027 quod
1109 1950 1188 2009 Ferro
1205 1950 1254 2008 VI.
1275 1951 1339 2008 coic-

108 2040 220 2097 bratum
233 2044 282 2109 est,
299 2040 382 2097 aliter
395 2038 574 2096 concludendi
585 2038 650 2108 sint,
667 2042 702 2096 ut
715 2040 744 2096 in
765 2036 1015 2119 Tromfigarotiom
1029 2040 1151 2098 Domini.

154 2172 277 2260 §iPost
303 2171 529 2242 Nativitatem
553 2170 691 2241 Domini
715 2192 810 2258 usquo
836 2178 881 2239 od
899 2174 1166 2259 Purificotionom,
1195 2173 1338 2259 Officium

109 2274 147 2337 B.
170 2274 215 2337 Μ.
239 2274 281 2338 V.
302 2273 419 2339 dicitur
438 2276 602 2353 utsupra,
619 2276 737 2353 prater
755 2273 926 2357 sequentia.
947 2273 1003 2338 Ad
1025 2273 1227 2357 Magnifica,
1248 2275 1334 2339 Aria.

110 2372 266 2457 Magnum
287 2370 494 2436 haeredititis.
516 2390 571 2457 99.
595 2370 719 2436 Oratio.
742 2371 841 2447 Deus,
863 2372 919 2454 qui
941 2367 1058 2438 saltitis
1075 2371 1213 2438 aetirnae.
1235 2375 1290 2458 98.

156 2514 175 2599 ii
191 2512 357 2600 Tempore
372 2512 547 2594 Paschali,
566 2512 709 2597 Officium
729 2515 765 2578 B.
789 2513 836 2578 Μ.
854 2514 897 2580 V.
911 2514 1029 2580 dicitur
1042 2515 1135 2580 etiam
1159 2518 1197 2581 ut
1213 2522 1309 2597 supro
1323 2538 1336 2597 ,-

110 2613 298 2695 Antiphonis
316 2632 401 2686 vero,
423 2614 477 2692 ii·
498 2616 530 2677 et
547 2613 607 2699 riri.
629 2612 760 2679 additur
780 2608 930 2679 Alleltiia.

478 2729 532 2791 Ad
548 2730 753 2806 Magnificat,
769 2729 975 2806 Antiphone.

154 2875 167 2917 1
197 2858 229 2916 D
631 2851 1067 2977 1-

149 3004 239 3192 R
632 2985 1066 3044 ΙΠΞ-ιᾞ
1150 3058 1169 3109 0
1199 3060 1217 3103 Ι
1279 3060 1299 3104 Ι

316 3124 450 3213 E-gi-na

482 3126 579 3193 cae-li
659 3124 820 3201 lae-ti-re,
855 3126 1156 3210 orl-loiir-iazqui-
1200 3146 1336 3210 aquem

613 3341 631 3384 ι
923 3342 941 3385 ι

177 3399 832 3460 mm

132 3552 199 3596 me·
222 3551 274 3598 ru·
299 3529 369 3598 i-sti
412 3530 518 3616 porti-
533 3551 577 3609 re,
611 3530 827 3598 al-le-lt-ia:
856 3530 1052 3598 rosurri-xit
1070 3533 1166 3599 sic-ut
1185 3533 1295 3609 dixit,

158 3748 176 3791 Ι
212 3749 221 3756 ,
365 3671 1181 3800 Ε-ἷ

365 3805 1181 3866 ,ἐι-[ΠΙ

159 3934 325 4003 alle-lir-ia
354 3956 361 4003 :
406 3956 442 4003 o-
478 3956 511 4001 ra
536 3956 594 4020 pro
624 3936 740 4003 no-bis
764 3936 827 4001 De-
841 3956 912 4013 um,
940 3936 1134 4004 al-le-lri-ia.

113 4020 1338 4297 fi

157 4324 222 4391 Eu
251 4345 320 4392 ou
357 4347 375 4391 a
416 4347 444 4392 e.
517 4324 642 4392 Oratio.
664 4323 823 4392 Concide.
847 4324 1151 4393 CommdeCruce
1170 4330 1303 4392 tantum.
