3159 4792
371 277 557 349 Litaniae
577 276 634 348 de
654 276 868 348 omnibus
888 275 1080 350 Sanctis.
1231 272 1336 369 [207]

110 717 188 780 Pro-
198 711 246 799 pi·
270 714 311 779 ti·
350 733 389 778 us
418 722 500 789 esto,
540 731 632 797 parce
656 732 715 778 no·
725 713 777 778 bis
797 711 960 779 Dbmi-ne.

113 823 189 886 Pri>
199 819 249 905 pi·
268 822 308 885 ti·
348 839 387 886 us
419 829 501 896 esto,
562 820 694 886 exbu-di
716 838 776 886 nos
797 817 960 886 Dbmi-ne.

209 927 260 993 Ab
275 927 367 992 omni
385 929 498 1002 ma-io,
551 925 646 992 li·be-
667 948 698 992 ra
719 946 779 993 nos
799 925 961 993 Dbmi-ne.

103 1037 157 1102 Ab
177 1036 268 1101 omni
288 1034 431 1119 peccAtO,
984 1031 1081 1098 libera
1103 1053 1163 1098 nos
1182 1031 1334 1099 Dbmine.

103 1135 158 1201 Ab
179 1135 223 1199 ira
243 1143 310 1208 tua,
982 1130 1081 1197 libera
1103 1150 1162 1197 nos
1182 1129 1334 1198 Dbmine.

102 1233 132 1298 A
153 1233 322 1298 subitanea
341 1232 371 1296 81
391 1230 568 1316 improvisa
589 1241 704 1307 morte,
981 1229 1080 1295 libera
1102 1249 1163 1296 nos
1181 1228 1334 1296 Dbmine.

104 1332 159 1398 Ab
179 1329 307 1396 insidiis
326 1329 461 1404 diaboli,
982 1327 1081 1394 libera
1102 1348 1162 1394 nos
1182 1325 1335 1394 Dbmine.

102 1430 157 1495 Ab
176 1431 233 1506 ira,
254 1428 284 1492 81
303 1426 392 1504 bdi0,
414 1428 444 1492 δι
467 1429 558 1494 omni
580 1431 664 1493 mala
683 1427 864 1504 voluntite,
981 1425 1080 1493 libera
1101 1446 1161 1493 nos
1180 1425 1334 1493 Dbmine.

103 1529 133 1594 A
154 1527 270 1610 spiritu
290 1523 526 1602 fornicatibnis,
983 1524 1082 1592 libera
1103 1545 1163 1592 nos
1182 1524 1334 1592 Dbmine.

104 1627 134 1692 A
153 1626 281 1710 fulgure
299 1626 329 1690 81
347 1625 551 1709 tempestite,
983 1623 1083 1690 libera
1102 1644 1163 1690 nos
1182 1623 1333 1690 Dcimine.

103 1726 133 1791 A
153 1723 283 1809 flagello
303 1721 517 1798 terraembtus,
985 1721 1084 1788 libera
1104 1742 1164 1789 nos
1183 1721 1333 1788 Dbmine.

103 1824 133 1889 A
155 1834 255 1906 peste,
277 1826 374 1897 fame,
395 1822 424 1885 &
443 1822 543 1898 bello,
981 1821 1080 1887 libera
1102 1841 1162 1888 nos
1182 1820 1333 1888 Dbmine.

104 1922 134 1987 A
155 1932 260 1986 morte
279 1918 443 2006 perpbtua,
983 1919 1082 1984 libera
1103 1939 1163 1986 nos
1182 1917 1334 1986 Dbmine.

103 2022 162 2085 Per
182 2017 375 2105 mystbrium
395 2017 515 2084 sanbiae
535 2016 767 2084 incarnatibnis
781 2028 857 2093 tuae,
983 2017 1082 2084 libera
1102 2038 1162 2083 nos
1182 2017 1333 2083 Dbmine.

103 2121 162 2184 Per
180 2116 357 2184 advbntum
378 2128 487 2192 tuum,
983 2115 1081 2182 libera
1102 2136 1163 2183 nos
1182 2116 1334 2182 Dbmine.

103 2218 161 2281 Per
181 2217 382 2282 nativititem
402 2225 506 2291 tuam,
983 2213 1082 2281 libera
1102 2235 1162 2281 nos
1181 2214 1333 2282 Dbmine.

102 2316 162 2379 Per
180 2313 382 2398 baptismum
401 2314 431 2378 81
450 2311 600 2379 sanburn
618 2308 781 2397 jejbnium
803 2323 912 2390 tuum,
985 2311 1083 2380 libera
1104 2333 1164 2380 nos
1183 2312 1333 2380 Dbmine.

103 2415 162 2478 Per
180 2431 306 2478 crucem
326 2413 355 2476 8ι
375 2411 561 2495 passibnem
577 2421 681 2486 tuam,
984 2409 1083 2476 libera
1104 2431 1164 2478 nos
1183 2411 1334 2478 Dbmine.

104 2512 163 2576 Per
183 2521 322 2576 mortem
343 2511 372 2574 &
392 2509 591 2595 sepultbram
612 2520 715 2585 tuam,
984 2508 1082 2575 libera
1103 2531 1164 2576 nos
1183 2509 1333 2576 Dbmine.

103 2613 162 2676 Per
180 2608 324 2676 saniiam
346 2607 614 2675 resurrebiio'nem
638 2618 743 2683 tuam,
983 2607 1081 2674 libera
1103 2629 1163 2675 nos
1182 2607 1335 2675 Dbmine.

104 2709 162 2773 Per
179 2709 405 2774 admiribilem
425 2704 648 2774 ascensibnem
670 2717 773 2782 tuam,
983 2706 1082 2773 libera
1102 2727 1162 2774 nos
1182 2706 1334 2774 Dbmine.

104 2809 161 2872 Per
178 2804 357 2872 advbntum
376 2802 516 2889 Spiritus
534 2804 642 2871 Sanbii
663 2804 821 2880 Paricliti,
982 2804 1080 2871 libera
1101 2825 1162 2871 nos
1183 2804 1334 2871 Dbmine.

105 2906 138 2971 ln
158 2907 212 2970 die
226 2903 355 2990 judicii,
984 2903 1083 2970 libera
1104 2924 1163 2970 nos
1182 2902 1334 2970 Dbmine.

104 3071 277 3184 ἡ.

126 3297 350 3389 Pecca-tb-ies,
386 3321 418 3378 te
456 3312 610 3398 rogimus
629 3313 704 3378 audi
732 3331 804 3378 nos

104 3439 147 3505 Ut
165 3438 261 3504 nobis
282 3457 404 3523 parcas,
939 3447 972 3503 te
991 3436 1145 3522 rogbmus
1164 3438 1240 3504 audi
1262 3457 1334 3504 nos.

104 3548 146 3613 Ut
165 3546 260 3612 nobis
280 3545 468 3632 indblgeas,
939 3554 971 3610 te
991 3545 1145 3630 rogamus
1164 3545 1239 3610 audi
1261 3564 1333 3610 nos.

104 3654 146 3719 Ut
164 3653 204 3718 ad
222 3672 332 3718 veram
353 3651 578 3737 paenitbntiam
599 3671 659 3718 nos
678 3651 851 3736 perdbcere
869 3649 1025 3736 diguitis,
1115 3663 1146 3718 te
1167 3652 1333 3736 rogbmus.

104 3761 147 3825 Ut
156 3759 328 3826 Ecclbsiam
340 3770 430 3825 tuam
441 3758 585 3825 sanilam
598 3757 705 3845 rigere
715 3761 744 3825 ἃ
755 3759 942 3825 conservire
956 3757 1112 3843 dignbris,
1127 3769 1157 3824 te
1169 3760 1333 3843 rogimus

105 3870 147 3934 Ut
165 3870 332 3948 Domuum
353 3866 581 3952 Apostblicum
602 3868 763 3933 &omnes
779 3866 1013 3932 ecclesiisticos
1032 3864 1161 3932 bidines
1178 3867 1210 3931 in
1226 3865 1336 3932 sansta

193 3964 349 4052 religibne
367 3966 555 4032 conservire
574 3964 730 4052 dignbris,
940 3975 971 4029 te
992 3963 1145 4048 rogbmus
1164 3964 1239 4029 audi
1261 3983 1332 4030 nos.

106 4073 150 4138 Ut
168 4072 320 4138 inimicos
339 4071 458 4139 saneiae
478 4073 625 4139 Ecclbsiae
645 4072 818 4137 bumilibre
837 4069 993 4157 dignbris,
1115 4081 1147 4137 te
1167 4070 1332 4154 rogbmus.

105 4181 147 4247 Ut
165 4177 344 4263 rbgibus’&
364 4179 566 4264 principibus
584 4179 770 4248 christianis
794 4200 905 4265 pacem
937 4180 966 4244 ἃ
994 4198 1103 4244 veram
1128 4175 1334 4243 concbrdiam

191 4277 310 4343 donire
330 4276 484 4364 digneris,
940 4289 972 4343 te
992 4275 1145 4366 rogimus
1164 4277 1238 4345 audi
1261 4296 1331 4346 nos.
