<?xml version="1.0" encoding="UTF-8"?>
<!DOCTYPE html PUBLIC "-//W3C//DTD XHTML 1.0 Transitional//EN"
    "http://www.w3.org/TR/xhtml1/DTD/xhtml1-transitional.dtd">
<html xmlns="http://www.w3.org/1999/xhtml" xml:lang="en" lang="en">
 <head>
  <title>
</title>
<meta http-equiv="Content-Type" content="text/html;charset=utf-8" />
  <meta name='ocr-system' content='tesseract 3.04.00' />
  <meta name='ocr-capabilities' content='ocr_page ocr_carea ocr_par ocr_line ocrx_word'/>
</head>
<body>
  <div class='ocr_page' id='page_1' title='image "./liberantiphonar00ritugoog/liberantiphonar00ritugoog_0689.png"; bbox 0 0 3159 4792; ppageno 0'>
   <div class='ocr_carea' id='block_1_1' title="bbox 495 276 1317 371">
    <p class='ocr_par' dir='ltr' id='par_1_1' title="bbox 495 276 1317 371">
     <span class='ocr_line' id='line_1_1' title="bbox 495 276 1317 371; baseline -0.005 -20"><span class='ocrx_word' id='word_1_1' title='bbox 495 279 605 351; x_wconf 85' lang='lat' dir='ltr'>Toni</span> <span class='ocrx_word' id='word_1_2' title='bbox 627 278 912 352; x_wconf 79' lang='lat' dir='ltr'>Orationum,</span> <span class='ocrx_word' id='word_1_3' title='bbox 1213 276 1317 371; x_wconf 74' lang='lat'><strong>[191]</strong></span> 
     </span>
    </p>
   </div>
   <div class='ocr_carea' id='block_1_2' title="bbox 102 703 1320 790">
    <p class='ocr_par' dir='ltr' id='par_1_2' title="bbox 102 703 1320 790">
     <span class='ocr_line' id='line_1_2' title="bbox 102 703 1320 790; baseline -0.002 -17"><span class='ocrx_word' id='word_1_4' title='bbox 102 710 230 784; x_wconf 86' lang='lat' dir='ltr'>Praesta,</span> <span class='ocrx_word' id='word_1_5' title='bbox 251 724 455 790; x_wconf 72' lang='lat' dir='ltr'>quaesumus</span> <span class='ocrx_word' id='word_1_6' title='bbox 473 703 708 789; x_wconf 81' lang='lat' dir='ltr'>omni-potens</span> <span class='ocrx_word' id='word_1_7' title='bbox 727 706 789 770; x_wconf 90' lang='lat' dir='ltr'>Oe·</span> <span class='ocrx_word' id='word_1_8' title='bbox 804 725 844 772; x_wconf 93' lang='lat' dir='ltr'>us</span> <span class='ocrx_word' id='word_1_9' title='bbox 861 724 869 771; x_wconf 76' lang='grc' dir='ltr'><strong>ι</strong></span> <span class='ocrx_word' id='word_1_10' title='bbox 888 713 924 772; x_wconf 92' lang='lat' dir='ltr'>ut</span> <span class='ocrx_word' id='word_1_11' title='bbox 943 706 998 788; x_wconf 87' lang='lat' dir='ltr'>qui</span> <span class='ocrx_word' id='word_1_12' title='bbox 1026 705 1081 769; x_wconf 91' lang='lat' dir='ltr'>be·</span> <span class='ocrx_word' id='word_1_13' title='bbox 1096 704 1161 769; x_wconf 81' lang='lat' dir='ltr'>ai-ti</span> <span class='ocrx_word' id='word_1_14' title='bbox 1186 705 1320 770; x_wconf 91' lang='lat' dir='ltr'>Va-len-</span> 
     </span>
    </p>
   </div>
   <div class='ocr_carea' id='block_1_3' title="bbox 86 812 1322 1050">
    <p class='ocr_par' dir='ltr' id='par_1_3' title="bbox 86 812 1322 1050">
     <span class='ocr_line' id='line_1_3' title="bbox 86 812 1322 1050; baseline -0.002 1"><span class='ocrx_word' id='word_1_15' title='bbox 86 812 1322 1050; x_wconf 58' lang='lat' dir='ltr'><em>Q</em></span> 
     </span>
    </p>
   </div>
   <div class='ocr_carea' id='block_1_4' title="bbox 143 1092 1276 1183">
    <p class='ocr_par' dir='ltr' id='par_1_4' title="bbox 143 1092 1276 1183">
     <span class='ocr_line' id='line_1_4' title="bbox 143 1092 1276 1183; baseline -0.002 -21"><span class='ocrx_word' id='word_1_16' title='bbox 143 1095 216 1163; x_wconf 89' lang='lat' dir='ltr'>tl-ni</span> <span class='ocrx_word' id='word_1_17' title='bbox 236 1096 397 1183; x_wconf 62' lang='lat' dir='ltr'>Mirm-ris</span> <span class='ocrx_word' id='word_1_18' title='bbox 416 1097 493 1162; x_wconf 93' lang='lat' dir='ltr'>tu-i</span> <span class='ocrx_word' id='word_1_19' title='bbox 521 1093 668 1161; x_wconf 89' lang='lat' dir='ltr'>na-ta-li-</span> <span class='ocrx_word' id='word_1_20' title='bbox 683 1097 756 1163; x_wconf 87' lang='lat' dir='ltr'>ti·a</span> <span class='ocrx_word' id='word_1_21' title='bbox 789 1094 957 1173; x_wconf 74' lang='lat' dir='ltr'>cir-limus,</span> <span class='ocrx_word' id='word_1_22' title='bbox 1007 1096 1188 1162; x_wconf 88' lang='lat' dir='ltr'>intercessi·</span> <span class='ocrx_word' id='word_1_23' title='bbox 1201 1092 1276 1161; x_wconf 70' lang='lat' dir='ltr'>one</span> 
     </span>
    </p>
   </div>
   <div class='ocr_carea' id='block_1_5' title="bbox 86 1202 1322 1440">
    <p class='ocr_par' dir='ltr' id='par_1_5' title="bbox 86 1202 1322 1440">
     <span class='ocr_line' id='line_1_5' title="bbox 86 1202 1322 1440; baseline -0.001 1"><span class='ocrx_word' id='word_1_24' title='bbox 86 1202 1322 1440; x_wconf 55' lang='lat' dir='ltr'><em>Q</em></span> 
     </span>
    </p>
   </div>
   <div class='ocr_carea' id='block_1_6' title="bbox 153 1485 1305 1572">
    <p class='ocr_par' dir='ltr' id='par_1_6' title="bbox 153 1485 1305 1572">
     <span class='ocr_line' id='line_1_6' title="bbox 153 1485 1305 1572; baseline -0.001 -20"><span class='ocrx_word' id='word_1_25' title='bbox 153 1490 239 1572; x_wconf 90' lang='lat' dir='ltr'>e-jus</span> <span class='ocrx_word' id='word_1_26' title='bbox 272 1487 306 1553; x_wconf 92' lang='lat' dir='ltr'>in</span> <span class='ocrx_word' id='word_1_27' title='bbox 326 1487 407 1553; x_wconf 94' lang='lat' dir='ltr'>tu-i</span> <span class='ocrx_word' id='word_1_28' title='bbox 436 1485 594 1554; x_wconf 80' lang='lat' dir='ltr'>nomi-nis</span> <span class='ocrx_word' id='word_1_29' title='bbox 630 1485 751 1553; x_wconf 73' lang='lat' dir='ltr'>ambre</span> <span class='ocrx_word' id='word_1_30' title='bbox 785 1486 1001 1553; x_wconf 74' lang='lat' dir='ltr'>roho-remur.</span> <span class='ocrx_word' id='word_1_31' title='bbox 1038 1489 1097 1552; x_wconf 85' lang='lat' dir='ltr'>Per</span> <span class='ocrx_word' id='word_1_32' title='bbox 1114 1485 1305 1552; x_wconf 82' lang='lat' dir='ltr'>Domi-num</span> 
     </span>
    </p>
   </div>
   <div class='ocr_carea' id='block_1_7' title="bbox 89 1593 1323 1831">
    <p class='ocr_par' dir='ltr' id='par_1_7' title="bbox 89 1593 1323 1831">
     <span class='ocr_line' id='line_1_7' title="bbox 89 1593 1323 1831; baseline 0 0"><span class='ocrx_word' id='word_1_33' title='bbox 89 1593 1323 1831; x_wconf 58' lang='lat' dir='ltr'><em>Q</em></span> 
     </span>
    </p>
   </div>
   <div class='ocr_carea' id='block_1_8' title="bbox 128 1877 1300 1963">
    <p class='ocr_par' dir='ltr' id='par_1_8' title="bbox 128 1877 1300 1963">
     <span class='ocr_line' id='line_1_8' title="bbox 128 1877 1300 1963; baseline -0.001 -19"><span class='ocrx_word' id='word_1_34' title='bbox 128 1888 277 1945; x_wconf 87' lang='lat' dir='ltr'>nostrum</span> <span class='ocrx_word' id='word_1_35' title='bbox 293 1879 415 1959; x_wconf 77' lang='lat' dir='ltr'>Jesurn</span> <span class='ocrx_word' id='word_1_36' title='bbox 434 1877 600 1944; x_wconf 80' lang='lat' dir='ltr'><strong>Christum</strong></span> <span class='ocrx_word' id='word_1_37' title='bbox 622 1877 722 1943; x_wconf 76' lang='lat' dir='ltr'>Fi-u-</span> <span class='ocrx_word' id='word_1_38' title='bbox 736 1897 793 1944; x_wconf 93' lang='lat' dir='ltr'>um</span> <span class='ocrx_word' id='word_1_39' title='bbox 814 1889 866 1946; x_wconf 89' lang='lat' dir='ltr'>tu·</span> <span class='ocrx_word' id='word_1_40' title='bbox 880 1898 937 1944; x_wconf 90' lang='lat' dir='ltr'>um</span> <span class='ocrx_word' id='word_1_41' title='bbox 951 1899 958 1946; x_wconf 92' lang='lat'>:</span> <span class='ocrx_word' id='word_1_42' title='bbox 972 1879 1029 1963; x_wconf 90' lang='lat' dir='ltr'>qui</span> <span class='ocrx_word' id='word_1_43' title='bbox 1062 1887 1181 1944; x_wconf 80' lang='lat' dir='ltr'>tecum</span> <span class='ocrx_word' id='word_1_44' title='bbox 1202 1877 1300 1945; x_wconf 86' lang='lat' dir='ltr'>vi-vit</span> 
     </span>
    </p>
   </div>
   <div class='ocr_carea' id='block_1_9' title="bbox 89 1985 1324 2222">
    <p class='ocr_par' dir='ltr' id='par_1_9' title="bbox 89 1985 1324 2222">
     <span class='ocr_line' id='line_1_9' title="bbox 89 1985 1324 2222; baseline 0 0"><span class='ocrx_word' id='word_1_45' title='bbox 89 1985 1324 2222; x_wconf 57' lang='lat' dir='ltr'><em>Q</em></span> 
     </span>
    </p>
   </div>
   <div class='ocr_carea' id='block_1_10' title="bbox 150 2267 1289 2354">
    <p class='ocr_par' dir='ltr' id='par_1_10' title="bbox 150 2267 1289 2354">
     <span class='ocr_line' id='line_1_10' title="bbox 150 2267 1289 2354; baseline 0 -22"><span class='ocrx_word' id='word_1_46' title='bbox 150 2270 180 2332; x_wconf 74' lang='grc'>81</span> <span class='ocrx_word' id='word_1_47' title='bbox 206 2280 317 2354; x_wconf 82' lang='lat' dir='ltr'>regnat</span> <span class='ocrx_word' id='word_1_48' title='bbox 354 2270 386 2334; x_wconf 90' lang='lat' dir='ltr'>in</span> <span class='ocrx_word' id='word_1_49' title='bbox 410 2269 576 2336; x_wconf 85' lang='lat' dir='ltr'>u-ni-tir-te</span> <span class='ocrx_word' id='word_1_50' title='bbox 594 2267 768 2353; x_wconf 87' lang='lat' dir='ltr'>Spi-ri-tus</span> <span class='ocrx_word' id='word_1_51' title='bbox 787 2268 898 2336; x_wconf 74' lang='lat' dir='ltr'>Santii</span> <span class='ocrx_word' id='word_1_52' title='bbox 918 2271 980 2335; x_wconf 90' lang='lat' dir='ltr'>Oe·</span> <span class='ocrx_word' id='word_1_53' title='bbox 994 2290 1046 2345; x_wconf 88' lang='lat' dir='ltr'>us,</span> <span class='ocrx_word' id='word_1_54' title='bbox 1064 2288 1119 2353; x_wconf 87' lang='lat' dir='ltr'>per</span> <span class='ocrx_word' id='word_1_55' title='bbox 1145 2267 1254 2335; x_wconf 79' lang='lat' dir='ltr'>bmni—</span> <span class='ocrx_word' id='word_1_56' title='bbox 1272 2289 1289 2332; x_wconf 88' lang='lat' dir='ltr'>a</span> 
     </span>
    </p>
   </div>
   <div class='ocr_carea' id='block_1_11' title="bbox 128 2655 735 2745">
    <p class='ocr_par' dir='ltr' id='par_1_11' title="bbox 128 2655 735 2745">
     <span class='ocr_line' id='line_1_11' title="bbox 128 2655 735 2745; baseline -0.002 -21"><span class='ocrx_word' id='word_1_57' title='bbox 128 2660 272 2724; x_wconf 71' lang='lat' dir='ltr'>saecu-la</span> <span class='ocrx_word' id='word_1_58' title='bbox 292 2655 537 2725; x_wconf 73' lang='lat' dir='ltr'>saeculo-rum.</span> <span class='ocrx_word' id='word_1_59' title='bbox 560 2659 595 2745; x_wconf 63' lang='lat' dir='ltr'>ri.</span> <span class='ocrx_word' id='word_1_60' title='bbox 617 2658 735 2723; x_wconf 80' lang='lat' dir='ltr'>Amen.</span> 
     </span>
    </p>
   </div>
   <div class='ocr_carea' id='block_1_12' title="bbox 934 2599 1323 2612">
    <p class='ocr_par' dir='ltr' id='par_1_12' title="bbox 934 2599 1323 2612">
     <span class='ocr_line' id='line_1_12' title="bbox 934 2599 1323 2612; baseline -0.008 0"><span class='ocrx_word' id='word_1_61' title='bbox 934 2599 1323 2612; x_wconf 53' lang='lat' dir='ltr'>*nn—an*-</span> 
     </span>
    </p>
   </div>
   <div class='ocr_carea' id='block_1_13' title="bbox 483 2810 916 2902">
    <p class='ocr_par' dir='ltr' id='par_1_13' title="bbox 483 2810 916 2902">
     <span class='ocr_line' id='line_1_13' title="bbox 483 2810 916 2902; baseline 0.005 -18"><span class='ocrx_word' id='word_1_62' title='bbox 483 2831 522 2902; x_wconf 84' lang='lat'>3.</span> <span class='ocrx_word' id='word_1_63' title='bbox 544 2813 610 2886; x_wconf 89' lang='lat' dir='ltr'>De</span> <span class='ocrx_word' id='word_1_64' title='bbox 629 2811 751 2885; x_wconf 92' lang='lat' dir='ltr'>Tono</span> <span class='ocrx_word' id='word_1_65' title='bbox 771 2810 916 2886; x_wconf 85' lang='lat' dir='ltr'>feriali.</span> 
     </span>
    </p>
   </div>
   <div class='ocr_carea' id='block_1_14' title="bbox 83 2953 1328 4377">
    <p class='ocr_par' dir='ltr' id='par_1_14' title="bbox 92 2953 1325 3390">
     <span class='ocr_line' id='line_1_14' title="bbox 132 2953 1320 3033; baseline -0.001 -20"><span class='ocrx_word' id='word_1_66' title='bbox 132 2955 263 3030; x_wconf 87' lang='lat' dir='ltr'>Sequens</span> <span class='ocrx_word' id='word_1_67' title='bbox 277 2953 380 3013; x_wconf 87' lang='lat' dir='ltr'>Tonus</span> <span class='ocrx_word' id='word_1_68' title='bbox 394 2955 500 3014; x_wconf 84' lang='lat' dir='ltr'>serialis</span> <span class='ocrx_word' id='word_1_69' title='bbox 515 2955 638 3014; x_wconf 87' lang='lat' dir='ltr'>inservit</span> <span class='ocrx_word' id='word_1_70' title='bbox 652 2972 706 3033; x_wconf 89' lang='lat' dir='ltr'>pro</span> <span class='ocrx_word' id='word_1_71' title='bbox 721 2956 914 3015; x_wconf 84' lang='lat' dir='ltr'>Orationibus</span> <span class='ocrx_word' id='word_1_72' title='bbox 929 2957 1033 3032; x_wconf 89' lang='lat' dir='ltr'>positis</span> <span class='ocrx_word' id='word_1_73' title='bbox 1048 2955 1077 3013; x_wconf 91' lang='lat' dir='ltr'>in</span> <span class='ocrx_word' id='word_1_74' title='bbox 1098 2956 1156 3013; x_wconf 81' lang='lat' dir='ltr'>sine</span> <span class='ocrx_word' id='word_1_75' title='bbox 1176 2953 1320 3018; x_wconf 74' lang='lat' dir='ltr'>psalterii,</span> 
     </span>
     <span class='ocr_line' id='line_1_15' title="bbox 93 3044 1323 3124; baseline -0.001 -22"><span class='ocrx_word' id='word_1_76' title='bbox 93 3050 161 3119; x_wconf 91' lang='lat' dir='ltr'>post</span> <span class='ocrx_word' id='word_1_77' title='bbox 180 3044 366 3121; x_wconf 81' lang='lat' dir='ltr'>Antiphonas</span> <span class='ocrx_word' id='word_1_78' title='bbox 385 3046 478 3104; x_wconf 88' lang='lat' dir='ltr'>beatae</span> <span class='ocrx_word' id='word_1_79' title='bbox 497 3045 610 3113; x_wconf 87' lang='lat' dir='ltr'>Mariae,</span> <span class='ocrx_word' id='word_1_80' title='bbox 633 3063 686 3122; x_wconf 89' lang='lat' dir='ltr'>pro</span> <span class='ocrx_word' id='word_1_81' title='bbox 705 3045 848 3104; x_wconf 88' lang='lat' dir='ltr'>Oratione</span> <span class='ocrx_word' id='word_1_82' title='bbox 862 3046 999 3124; x_wconf 56' lang='lat' dir='ltr'>Diriguere,</span> <span class='ocrx_word' id='word_1_83' title='bbox 1016 3047 1053 3104; x_wconf 91' lang='lat' dir='ltr'>ad</span> <span class='ocrx_word' id='word_1_84' title='bbox 1069 3044 1212 3112; x_wconf 85' lang='lat' dir='ltr'>Primam,</span> <span class='ocrx_word' id='word_1_85' title='bbox 1230 3045 1255 3102; x_wconf 79' lang='grc'>81</span> <span class='ocrx_word' id='word_1_86' title='bbox 1270 3061 1323 3121; x_wconf 89' lang='lat' dir='ltr'>pro</span> 
     </span>
     <span class='ocr_line' id='line_1_16' title="bbox 93 3132 1322 3210; baseline 0 -20"><span class='ocrx_word' id='word_1_87' title='bbox 93 3133 284 3193; x_wconf 85' lang='lat' dir='ltr'>Orationibus</span> <span class='ocrx_word' id='word_1_88' title='bbox 299 3133 328 3192; x_wconf 92' lang='lat' dir='ltr'>in</span> <span class='ocrx_word' id='word_1_89' title='bbox 344 3133 452 3192; x_wconf 85' lang='lat' dir='ltr'>Officio</span> <span class='ocrx_word' id='word_1_90' title='bbox 468 3132 697 3202; x_wconf 59' lang='lat' dir='ltr'>Munitorum,</span> <span class='ocrx_word' id='word_1_91' title='bbox 715 3137 834 3210; x_wconf 91' lang='lat' dir='ltr'>quando</span> <span class='ocrx_word' id='word_1_92' title='bbox 854 3135 964 3193; x_wconf 89' lang='lat' dir='ltr'>habent</span> <span class='ocrx_word' id='word_1_93' title='bbox 984 3134 1145 3193; x_wconf 87' lang='lat' dir='ltr'>clausulam</span> <span class='ocrx_word' id='word_1_94' title='bbox 1166 3134 1322 3192; x_wconf 86' lang='lat' dir='ltr'>minorem.</span> 
     </span>
     <span class='ocr_line' id='line_1_17' title="bbox 92 3222 1325 3301; baseline 0 -21"><span class='ocrx_word' id='word_1_95' title='bbox 92 3222 124 3281; x_wconf 94' lang='lat' dir='ltr'>ln</span> <span class='ocrx_word' id='word_1_96' title='bbox 138 3224 278 3282; x_wconf 89' lang='lat' dir='ltr'>omnibus</span> <span class='ocrx_word' id='word_1_97' title='bbox 293 3223 434 3283; x_wconf 88' lang='lat' dir='ltr'>convenit</span> <span class='ocrx_word' id='word_1_98' title='bbox 449 3242 516 3282; x_wconf 91' lang='lat' dir='ltr'>cum</span> <span class='ocrx_word' id='word_1_99' title='bbox 532 3222 619 3282; x_wconf 89' lang='lat' dir='ltr'>Tono</span> <span class='ocrx_word' id='word_1_100' title='bbox 633 3225 785 3301; x_wconf 87' lang='lat' dir='ltr'>superiori,</span> <span class='ocrx_word' id='word_1_101' title='bbox 803 3229 999 3301; x_wconf 88' lang='lat' dir='ltr'>praeterquam</span> <span class='ocrx_word' id='word_1_102' title='bbox 1015 3225 1094 3301; x_wconf 91' lang='lat' dir='ltr'>quod</span> <span class='ocrx_word' id='word_1_103' title='bbox 1111 3224 1140 3282; x_wconf 95' lang='lat' dir='ltr'>in</span> <span class='ocrx_word' id='word_1_104' title='bbox 1155 3224 1215 3282; x_wconf 85' lang='lat' dir='ltr'>fine</span> <span class='ocrx_word' id='word_1_105' title='bbox 1225 3223 1325 3301; x_wconf 91' lang='lat' dir='ltr'>penul-</span> 
     </span>
     <span class='ocr_line' id='line_1_18' title="bbox 93 3312 1193 3390; baseline 0 -20"><span class='ocrx_word' id='word_1_106' title='bbox 93 3313 166 3371; x_wconf 89' lang='lat' dir='ltr'>tima</span> <span class='ocrx_word' id='word_1_107' title='bbox 179 3312 294 3390; x_wconf 85' lang='lat' dir='ltr'>syllaba</span> <span class='ocrx_word' id='word_1_108' title='bbox 308 3331 425 3390; x_wconf 87' lang='lat' dir='ltr'>semper</span> <span class='ocrx_word' id='word_1_109' title='bbox 439 3313 603 3372; x_wconf 88' lang='lat' dir='ltr'>declinatur</span> <span class='ocrx_word' id='word_1_110' title='bbox 617 3315 652 3372; x_wconf 93' lang='lat' dir='ltr'>de</span> <span class='ocrx_word' id='word_1_111' title='bbox 658 3316 695 3390; x_wconf 86' lang='lat' dir='ltr'>fa</span> <span class='ocrx_word' id='word_1_112' title='bbox 709 3316 746 3372; x_wconf 94' lang='lat' dir='ltr'>ad</span> <span class='ocrx_word' id='word_1_113' title='bbox 760 3333 800 3382; x_wconf 86' lang='lat' dir='ltr'>re,</span> <span class='ocrx_word' id='word_1_114' title='bbox 817 3320 850 3373; x_wconf 91' lang='lat' dir='ltr'>ut</span> <span class='ocrx_word' id='word_1_115' title='bbox 864 3314 989 3372; x_wconf 86' lang='lat' dir='ltr'>habetur</span> <span class='ocrx_word' id='word_1_116' title='bbox 1003 3314 1032 3372; x_wconf 92' lang='lat' dir='ltr'>in</span> <span class='ocrx_word' id='word_1_117' title='bbox 1047 3314 1193 3390; x_wconf 87' lang='lat' dir='ltr'>exemplo.</span> 
     </span>
    </p>

    <p class='ocr_par' dir='ltr' id='par_1_15' title="bbox 83 3399 1328 4018">
     <span class='ocr_line' id='line_1_19' title="bbox 133 3399 1325 3481; baseline 0.003 -22"><span class='ocrx_word' id='word_1_118' title='bbox 133 3402 256 3460; x_wconf 88' lang='lat' dir='ltr'>lnservit</span> <span class='ocrx_word' id='word_1_119' title='bbox 269 3403 359 3460; x_wconf 90' lang='lat' dir='ltr'>etiam</span> <span class='ocrx_word' id='word_1_120' title='bbox 376 3420 429 3479; x_wconf 85' lang='lat' dir='ltr'>pro</span> <span class='ocrx_word' id='word_1_121' title='bbox 445 3402 635 3461; x_wconf 82' lang='lat' dir='ltr'>Orationibus</span> <span class='ocrx_word' id='word_1_122' title='bbox 651 3403 841 3468; x_wconf 84' lang='lat' dir='ltr'>litaniarum,</span> <span class='ocrx_word' id='word_1_123' title='bbox 858 3403 1044 3481; x_wconf 81' lang='lat' dir='ltr'>Aspersionis</span> <span class='ocrx_word' id='word_1_124' title='bbox 1058 3403 1151 3479; x_wconf 82' lang='lat' dir='ltr'>Aquae</span> <span class='ocrx_word' id='word_1_125' title='bbox 1166 3399 1325 3462; x_wconf 75' lang='lat' dir='ltr'>benedicta</span> 
     </span>
     <span class='ocr_line' id='line_1_20' title="bbox 93 3490 1324 3574; baseline 0.002 -26"><span class='ocrx_word' id='word_1_126' title='bbox 93 3491 122 3549; x_wconf 92' lang='lat' dir='ltr'>in</span> <span class='ocrx_word' id='word_1_127' title='bbox 138 3491 316 3559; x_wconf 77' lang='lat' dir='ltr'>DominiciS,</span> <span class='ocrx_word' id='word_1_128' title='bbox 334 3492 399 3550; x_wconf 80' lang='lat' dir='ltr'>&amp;si</span> <span class='ocrx_word' id='word_1_129' title='bbox 419 3510 486 3567; x_wconf 86' lang='lat' dir='ltr'>quae</span> <span class='ocrx_word' id='word_1_130' title='bbox 505 3498 575 3551; x_wconf 89' lang='lat' dir='ltr'>sunt</span> <span class='ocrx_word' id='word_1_131' title='bbox 594 3490 658 3550; x_wconf 89' lang='lat' dir='ltr'>aliae</span> <span class='ocrx_word' id='word_1_132' title='bbox 677 3493 863 3569; x_wconf 89' lang='lat' dir='ltr'>hujusmodi,</span> <span class='ocrx_word' id='word_1_133' title='bbox 886 3498 918 3574; x_wconf 90' lang='lat' dir='ltr'>ut</span> <span class='ocrx_word' id='word_1_134' title='bbox 938 3498 982 3551; x_wconf 91' lang='lat' dir='ltr'>est</span> <span class='ocrx_word' id='word_1_135' title='bbox 1003 3493 1106 3550; x_wconf 91' lang='lat' dir='ltr'>Oratio</span> <span class='ocrx_word' id='word_1_136' title='bbox 1127 3497 1195 3568; x_wconf 92' lang='lat' dir='ltr'>post</span> <span class='ocrx_word' id='word_1_137' title='bbox 1216 3495 1324 3568; x_wconf 86' lang='lat' dir='ltr'>pedum</span> 
     </span>
     <span class='ocr_line' id='line_1_21' title="bbox 92 3579 1324 3650; baseline 0.001 -11"><span class='ocrx_word' id='word_1_138' title='bbox 92 3579 289 3647; x_wconf 90' lang='lat' dir='ltr'>ablutionem,</span> <span class='ocrx_word' id='word_1_139' title='bbox 306 3583 332 3639; x_wconf 80' lang='grc'>81</span> <span class='ocrx_word' id='word_1_140' title='bbox 347 3581 503 3640; x_wconf 89' lang='lat' dir='ltr'>Orationes</span> <span class='ocrx_word' id='word_1_141' title='bbox 518 3599 623 3639; x_wconf 90' lang='lat' dir='ltr'>omnes</span> <span class='ocrx_word' id='word_1_142' title='bbox 638 3581 667 3638; x_wconf 92' lang='lat' dir='ltr'>in</span> <span class='ocrx_word' id='word_1_143' title='bbox 683 3579 934 3640; x_wconf 76' lang='lat' dir='ltr'>benedictionibus</span> <span class='ocrx_word' id='word_1_144' title='bbox 954 3581 1165 3650; x_wconf 84' lang='lat' dir='ltr'>Candelarum,</span> <span class='ocrx_word' id='word_1_145' title='bbox 1187 3581 1324 3640; x_wconf 89' lang='lat' dir='ltr'>Cinerum</span> 
     </span>
     <span class='ocr_line' id='line_1_22' title="bbox 93 3669 1324 3748; baseline 0 -19"><span class='ocrx_word' id='word_1_146' title='bbox 93 3671 119 3729; x_wconf 73' lang='lat' dir='ltr'>u</span> <span class='ocrx_word' id='word_1_147' title='bbox 134 3669 299 3737; x_wconf 90' lang='lat' dir='ltr'>Olivarum‚</span> <span class='ocrx_word' id='word_1_148' title='bbox 316 3677 378 3728; x_wconf 85' lang='lat' dir='ltr'>tam</span> <span class='ocrx_word' id='word_1_149' title='bbox 393 3676 566 3746; x_wconf 90' lang='lat' dir='ltr'>antequam</span> <span class='ocrx_word' id='word_1_150' title='bbox 582 3677 650 3748; x_wconf 90' lang='lat' dir='ltr'>post</span> <span class='ocrx_word' id='word_1_151' title='bbox 665 3669 892 3739; x_wconf 74' lang='lat' dir='ltr'>benedictiones,</span> <span class='ocrx_word' id='word_1_152' title='bbox 910 3673 1029 3747; x_wconf 91' lang='lat' dir='ltr'>quando</span> <span class='ocrx_word' id='word_1_153' title='bbox 1044 3672 1239 3730; x_wconf 88' lang='lat' dir='ltr'>terminantur</span> <span class='ocrx_word' id='word_1_154' title='bbox 1256 3690 1324 3729; x_wconf 94' lang='lat' dir='ltr'>cum</span> 
     </span>
     <span class='ocr_line' id='line_1_23' title="bbox 93 3760 1325 3836; baseline 0.002 -20"><span class='ocrx_word' id='word_1_155' title='bbox 93 3760 218 3817; x_wconf 79' lang='lat' dir='ltr'>clausula</span> <span class='ocrx_word' id='word_1_156' title='bbox 235 3762 345 3818; x_wconf 81' lang='lat' dir='ltr'>minori.</span> <span class='ocrx_word' id='word_1_157' title='bbox 368 3760 471 3819; x_wconf 87' lang='lat' dir='ltr'>Oratio</span> <span class='ocrx_word' id='word_1_158' title='bbox 493 3761 587 3817; x_wconf 85' lang='lat' dir='ltr'>Libera</span> <span class='ocrx_word' id='word_1_159' title='bbox 609 3779 672 3829; x_wconf 86' lang='lat' dir='ltr'>nos,</span> <span class='ocrx_word' id='word_1_160' title='bbox 699 3761 725 3818; x_wconf 79' lang='grc'>81</span> <span class='ocrx_word' id='word_1_161' title='bbox 748 3778 853 3819; x_wconf 88' lang='lat' dir='ltr'>omnes</span> <span class='ocrx_word' id='word_1_162' title='bbox 878 3779 944 3836; x_wconf 87' lang='lat' dir='ltr'>quae</span> <span class='ocrx_word' id='word_1_163' title='bbox 967 3765 1036 3819; x_wconf 90' lang='lat' dir='ltr'>ante</span> <span class='ocrx_word' id='word_1_164' title='bbox 1060 3761 1180 3820; x_wconf 87' lang='lat' dir='ltr'>Missam</span> <span class='ocrx_word' id='word_1_165' title='bbox 1205 3761 1325 3820; x_wconf 90' lang='lat' dir='ltr'>Sabbati</span> 
     </span>
     <span class='ocr_line' id='line_1_24' title="bbox 93 3846 1328 3928; baseline -0.001 -20"><span class='ocrx_word' id='word_1_166' title='bbox 93 3846 191 3909; x_wconf 65' lang='lat' dir='ltr'>Sancti</span> <span class='ocrx_word' id='word_1_167' title='bbox 207 3849 353 3907; x_wconf 90' lang='lat' dir='ltr'>habentur</span> <span class='ocrx_word' id='word_1_168' title='bbox 366 3848 406 3927; x_wconf 80' lang='grc' dir='ltr'>(ἃ</span> <span class='ocrx_word' id='word_1_169' title='bbox 421 3867 475 3926; x_wconf 91' lang='lat' dir='ltr'>pro</span> <span class='ocrx_word' id='word_1_170' title='bbox 490 3847 690 3908; x_wconf 66' lang='lat' dir='ltr'>benedictione</span> <span class='ocrx_word' id='word_1_171' title='bbox 705 3849 856 3928; x_wconf 84' lang='lat' dir='ltr'>fontium),</span> <span class='ocrx_word' id='word_1_172' title='bbox 874 3856 1031 3908; x_wconf 87' lang='lat' dir='ltr'>cantantur</span> <span class='ocrx_word' id='word_1_173' title='bbox 1046 3851 1101 3909; x_wconf 91' lang='lat' dir='ltr'>sub</span> <span class='ocrx_word' id='word_1_174' title='bbox 1121 3849 1193 3908; x_wconf 84' lang='lat' dir='ltr'>Touo</span> <span class='ocrx_word' id='word_1_175' title='bbox 1212 3851 1328 3928; x_wconf 79' lang='lat' dir='ltr'>simplici</span> 
     </span>
     <span class='ocr_line' id='line_1_25' title="bbox 83 3937 1239 4018; baseline 0.001 -24"><span class='ocrx_word' id='word_1_176' title='bbox 83 3939 201 4015; x_wconf 83' lang='lat' dir='ltr'>seriali;</span> <span class='ocrx_word' id='word_1_177' title='bbox 217 3958 283 4014; x_wconf 83' lang='lat' dir='ltr'>quae</span> <span class='ocrx_word' id='word_1_178' title='bbox 298 3957 369 3998; x_wconf 91' lang='lat' dir='ltr'>vero</span> <span class='ocrx_word' id='word_1_179' title='bbox 384 3945 526 4008; x_wconf 87' lang='lat' dir='ltr'>notantur</span> <span class='ocrx_word' id='word_1_180' title='bbox 539 3957 593 4015; x_wconf 89' lang='lat' dir='ltr'>pro</span> <span class='ocrx_word' id='word_1_181' title='bbox 609 3937 811 3997; x_wconf 73' lang='lat' dir='ltr'>benedictione</span> <span class='ocrx_word' id='word_1_182' title='bbox 826 3940 903 4016; x_wconf 83' lang='lat' dir='ltr'>ignis</span> <span class='ocrx_word' id='word_1_183' title='bbox 918 3941 943 3998; x_wconf 77' lang='grc' dir='ltr'>ἃ</span> <span class='ocrx_word' id='word_1_184' title='bbox 959 3940 1079 4006; x_wconf 87' lang='lat' dir='ltr'>incensi,</span> <span class='ocrx_word' id='word_1_185' title='bbox 1098 3941 1239 4018; x_wconf 74' lang='lat' dir='ltr'>leguntur,</span> 
     </span>
    </p>

    <p class='ocr_par' dir='ltr' id='par_1_16' title="bbox 93 4027 1325 4377">
     <span class='ocr_line' id='line_1_26' title="bbox 134 4027 1324 4105; baseline 0.001 -20"><span class='ocrx_word' id='word_1_186' title='bbox 134 4027 304 4086; x_wconf 87' lang='lat' dir='ltr'>Notandum</span> <span class='ocrx_word' id='word_1_187' title='bbox 319 4037 363 4087; x_wconf 93' lang='lat' dir='ltr'>est</span> <span class='ocrx_word' id='word_1_188' title='bbox 378 4047 506 4104; x_wconf 85' lang='lat' dir='ltr'>quoque,</span> <span class='ocrx_word' id='word_1_189' title='bbox 524 4030 604 4104; x_wconf 87' lang='lat' dir='ltr'>quod</span> <span class='ocrx_word' id='word_1_190' title='bbox 619 4029 789 4087; x_wconf 88' lang='lat' dir='ltr'>terminatio</span> <span class='ocrx_word' id='word_1_191' title='bbox 805 4028 901 4087; x_wconf 79' lang='lat' dir='ltr'>finalis</span> <span class='ocrx_word' id='word_1_192' title='bbox 915 4032 951 4087; x_wconf 93' lang='lat' dir='ltr'>de</span> <span class='ocrx_word' id='word_1_193' title='bbox 957 4033 994 4105; x_wconf 89' lang='lat' dir='ltr'>sa</span> <span class='ocrx_word' id='word_1_194' title='bbox 1008 4031 1044 4087; x_wconf 93' lang='lat' dir='ltr'>ad</span> <span class='ocrx_word' id='word_1_195' title='bbox 1060 4029 1137 4087; x_wconf 81' lang='lat' dir='ltr'>refrt</span> <span class='ocrx_word' id='word_1_196' title='bbox 1158 4035 1274 4087; x_wconf 91' lang='lat' dir='ltr'>tantum</span> <span class='ocrx_word' id='word_1_197' title='bbox 1295 4029 1324 4086; x_wconf 91' lang='lat' dir='ltr'>in</span> 
     </span>
     <span class='ocr_line' id='line_1_27' title="bbox 93 4117 1325 4194; baseline 0.001 -19"><span class='ocrx_word' id='word_1_198' title='bbox 93 4117 197 4175; x_wconf 91' lang='lat' dir='ltr'>ultima</span> <span class='ocrx_word' id='word_1_199' title='bbox 211 4118 362 4177; x_wconf 91' lang='lat' dir='ltr'>Oratione.</span> <span class='ocrx_word' id='word_1_200' title='bbox 385 4118 494 4177; x_wconf 87' lang='lat' dir='ltr'>Eadem</span> <span class='ocrx_word' id='word_1_201' title='bbox 514 4118 683 4176; x_wconf 88' lang='lat' dir='ltr'>terminatio</span> <span class='ocrx_word' id='word_1_202' title='bbox 703 4119 738 4176; x_wconf 87' lang='lat' dir='ltr'>frt</span> <span class='ocrx_word' id='word_1_203' title='bbox 758 4119 787 4176; x_wconf 90' lang='lat' dir='ltr'>in</span> <span class='ocrx_word' id='word_1_204' title='bbox 808 4119 946 4177; x_wconf 92' lang='lat' dir='ltr'>omnibus</span> <span class='ocrx_word' id='word_1_205' title='bbox 966 4118 1206 4177; x_wconf 89' lang='lat' dir='ltr'>conclusionibus</span> <span class='ocrx_word' id='word_1_206' title='bbox 1221 4120 1325 4194; x_wconf 87' lang='lat' dir='ltr'>praedi-</span> 
     </span>
     <span class='ocr_line' id='line_1_28' title="bbox 93 4204 1325 4284; baseline 0.002 -20"><span class='ocrx_word' id='word_1_207' title='bbox 93 4204 205 4264; x_wconf 64' lang='lat' dir='ltr'>starum</span> <span class='ocrx_word' id='word_1_208' title='bbox 220 4207 409 4276; x_wconf 89' lang='lat' dir='ltr'>Orationum,</span> <span class='ocrx_word' id='word_1_209' title='bbox 426 4227 493 4284; x_wconf 83' lang='lat' dir='ltr'>quae</span> <span class='ocrx_word' id='word_1_210' title='bbox 507 4213 578 4266; x_wconf 92' lang='lat' dir='ltr'>sunt</span> <span class='ocrx_word' id='word_1_211' title='bbox 592 4225 597 4264; x_wconf 94' lang='lat'>:</span> <span class='ocrx_word' id='word_1_212' title='bbox 615 4207 670 4265; x_wconf 86' lang='lat' dir='ltr'>Per</span> <span class='ocrx_word' id='word_1_213' title='bbox 684 4207 828 4266; x_wconf 78' lang='lat' dir='ltr'>Christum</span> <span class='ocrx_word' id='word_1_214' title='bbox 838 4209 986 4266; x_wconf 87' lang='lat' dir='ltr'>Dominum</span> <span class='ocrx_word' id='word_1_215' title='bbox 995 4214 1129 4276; x_wconf 81' lang='lat' dir='ltr'>nostrum,</span> <span class='ocrx_word' id='word_1_216' title='bbox 1142 4209 1196 4266; x_wconf 80' lang='lat' dir='ltr'>Per</span> <span class='ocrx_word' id='word_1_217' title='bbox 1206 4209 1325 4267; x_wconf 69' lang='lat' dir='ltr'>mandem</span> 
     </span>
     <span class='ocr_line' id='line_1_29' title="bbox 95 4295 1233 4377; baseline 0.004 -24"><span class='ocrx_word' id='word_1_218' title='bbox 95 4295 238 4355; x_wconf 81' lang='lat' dir='ltr'>Christum</span> <span class='ocrx_word' id='word_1_219' title='bbox 251 4297 400 4356; x_wconf 87' lang='lat' dir='ltr'>Dominum</span> <span class='ocrx_word' id='word_1_220' title='bbox 413 4302 547 4367; x_wconf 86' lang='lat' dir='ltr'>nostrum,</span> <span class='ocrx_word' id='word_1_221' title='bbox 564 4299 590 4356; x_wconf 82' lang='grc'>81</span> <span class='ocrx_word' id='word_1_222' title='bbox 606 4297 664 4370; x_wconf 76' lang='lat' dir='ltr'>Qui</span> <span class='ocrx_word' id='word_1_223' title='bbox 675 4297 744 4356; x_wconf 81' lang='lat' dir='ltr'>vivis</span> <span class='ocrx_word' id='word_1_224' title='bbox 758 4302 786 4356; x_wconf 83' lang='lat' dir='ltr'>et</span> <span class='ocrx_word' id='word_1_225' title='bbox 799 4316 895 4377; x_wconf 80' lang='lat' dir='ltr'>regnas</span> <span class='ocrx_word' id='word_1_226' title='bbox 908 4298 938 4356; x_wconf 89' lang='lat' dir='ltr'>in</span> <span class='ocrx_word' id='word_1_227' title='bbox 951 4298 1051 4356; x_wconf 77' lang='lat' dir='ltr'>sucida</span> <span class='ocrx_word' id='word_1_228' title='bbox 1063 4298 1233 4357; x_wconf 68' lang='lat' dir='ltr'>soculorum.</span> 
     </span>
    </p>
   </div>
   <div class='ocr_carea' id='block_1_15' title="bbox 0 0 1588 4792">
    <p class='ocr_par' dir='ltr' id='par_1_17' title="bbox 0 0 1588 4792">
     <span class='ocr_line' id='line_1_30' title="bbox 0 0 1588 4792; baseline 0 0"><span class='ocrx_word' id='word_1_229' title='bbox 0 0 1588 4792; x_wconf 95' lang='lat' dir='ltr'> </span> 
     </span>
    </p>
   </div>
  </div>
 </body>
</html>
